2430 3840
368 187 643 240 ELEMENTORUM
660 187 769 238 LIBER
787 187 847 239 VII.
1048 183 1114 249 239

546 381 664 448 XXIV.

169 505 203 572 Si
231 509 293 574 duo
322 507 448 573 numeri
476 507 517 571 ad
544 529 716 572 numerum
744 507 885 590 aliquem
907 505 1004 590 primi
1029 509 1114 589 sunt,

101 615 199 680 etiam
217 637 370 680 numerus
390 637 428 679 ex
445 614 486 680 iis
504 614 681 697 productus
698 611 740 677 ad
754 611 890 677 eundem
904 612 1029 697 primus
1044 612 1113 677 erit.

406 721 493 787 Nam
517 720 579 785 duo
601 719 728 786 numeri
751 725 795 804 A,
819 725 847 785 Β
873 720 915 786 ad
944 740 1113 785 numerum

341 829 482 912 aliquem
502 830 534 891 Γ
548 827 645 910 primi
664 827 738 910 sint,
757 829 790 890 et
804 827 848 891 sit
865 833 898 890 A
912 842 955 895 ><
970 830 998 890 Β
1013 856 1055 878 =
1072 831 1112 890 A.

341 934 422 1017 dice,
446 934 544 997 etiam
567 936 605 1016 Γ,
623 937 657 995 A
675 932 762 995 inter
786 954 820 997 se
842 932 964 1016 primos
988 954 1068 997 esse.

178 1031 200 1111 ᾖ
224 1065 228 1205 q
285 1065 311 1143 J}
407 1062 483 1103 nam
507 1039 536 1103 si
559 1041 644 1123 I'‚A
664 1042 750 1103 inter
769 1060 803 1102 se
821 1038 920 1123 primi
939 1060 1006 1103 non
1029 1044 1113 1124 sunt,
1189 1056 1192 1059 “

216 1207 235 1213 -
338 1164 491 1209 numerus
516 1145 635 1229 aliquis
658 1166 812 1210 numeros
836 1146 873 1227 Γ,
896 1149 930 1208 A
952 1144 1113 1210 metietur.

113 1227 155 1348 zi
215 1235 241 1285 Γ
272 1289 298 1338 A
338 1250 493 1314 metiatur
525 1254 558 1314 et
590 1251 633 1315 sit
667 1255 705 1317 E.
761 1254 794 1316 et
823 1249 976 1334 quoniam
1013 1253 1050 1335 Γ,
1081 1257 1114 1314 A

145 1349 163 1357 ’
253 1348 271 1357 ”
339 1361 425 1424 inter
453 1378 487 1421 se
513 1357 611 1439 primi
639 1361 729 1444 sunt,
756 1362 789 1422 et
810 1379 982 1423 numerum
1004 1360 1037 1422 Γ
1054 1379 1115 1422 nu-

100 1485 207 1528 merus
235 1465 351 1551 aliquis
375 1472 408 1532 E
423 1468 568 1550 metitur,
590 1467 718 1531 numeri
740 1472 781 1550 A,
804 1470 835 1529 E
850 1466 937 1529 inter
961 1486 994 1529 se
1017 1465 1114 1549 primi

101 1573 177 1634 sunt
201 1573 307 1656 [prop.
324 1572 460 1656 XXIH].
494 1575 622 1659 quoties
644 1573 746 1660 igitur
760 1578 792 1637 Ε
807 1595 978 1638 numerum
993 1576 1027 1635 A
1045 1593 1112 1636 me-

98 1678 188 1762 titur,
210 1681 261 1744 tot
283 1680 425 1747 unitates
449 1681 516 1747 sint
538 1681 572 1746 in
590 1686 626 1746 Z.
659 1701 758 1765 quare
782 1681 883 1745 etiam
898 1684 925 1743 Z
943 1699 1113 1742 numerum

99 1789 133 1847 A
156 1785 290 1850 metitur
317 1787 493 1852 seeundum
521 1788 664 1851 unitates
691 1786 818 1850 numeri
841 1790 873 1849 E
901 1787 1007 1869 [prop.
1026 1782 1113 1864 XVJ.

98 1890 206 1973 itaque
220 1895 252 1955 E
264 1908 307 1963 ><
322 1899 349 1956 Z
363 1925 406 1946 =
418 1898 451 1957 A
466 1892 542 1972 [def.
554 1892 619 1972 15].
642 1913 755 1956 uerum
770 1892 869 1956 etiam
883 1895 916 1953 A
924 1905 968 1957 ><
977 1894 1006 1953 B
1017 1920 1059 1942 ==
1071 1894 1113 1954 A.

97 1998 208 2088 itaque
227 2005 259 2064 Ε
270 2014 313 2067 ><
329 2004 356 2063 Ζ
371 2028 413 2051 =
427 2004 460 2063 A
473 2009 517 2064 ><
530 2002 572 2062 B.
605 2019 719 2062 uerum
742 1996 798 2060 ubi
821 2016 973 2060 numerus
998 2015 1036 2058 ex
1060 2015 1112 2057 ex·
1192 2039 1194 2042 .

96 2104 211 2168 tremis
234 2104 410 2188 productus
434 2126 570 2168 numero
595 2125 635 2168 ex
657 2102 771 2167 mediis
790 2102 948 2186 producto
968 2101 1112 2185 aequalis

98 2215 156 2296 est,
181 2214 335 2295 quattuor
356 2212 483 2275 numeri
505 2211 768 2294 proportionales
786 2213 863 2275 sunt
886 2211 991 2295 [prop.
1010 2208 1112 2289 XIXJ.

97 2310 208 2402 itaque
229 2321 276 2381 E:
287 2322 319 2381 A
329 2349 371 2371 =
381 2323 410 2382 Β
420 2342 428 2383 z
439 2323 475 2382 Z.
508 2317 564 2382 sed
577 2325 619 2402 A,
633 2323 665 2383 Ε
680 2318 778 2402 primi
792 2321 877 2401 sunt,
890 2317 989 2402 primi
1002 2320 1113 2380 autem

98 2425 198 2490 etiam
221 2423 348 2489 minimi
373 2428 450 2490 sunt
471 2425 575 2509 [prop.
588 2423 691 2510 XXIJ,
714 2425 841 2489 minimi
859 2427 968 2488 autem
986 2423 1114 2486 numeri

98 2553 224 2615 eorum,
249 2529 304 2616 qui
323 2529 458 2594 eandem
475 2530 634 2594 rationem
653 2530 784 2614 habent,
806 2550 957 2594 numeros
977 2528 1113 2594 eandem

97 2638 259 2704 rationem
281 2637 438 2701 habentes
463 2636 641 2720 aequaliter
663 2636 855 2721 metiuntur,
883 2635 987 2700 maior
1010 2636 1112 2701 maio-

96 2767 166 2810 rem
194 2747 227 2809 et
255 2744 361 2808 minor
387 2742 546 2808 minorem
571 2745 675 2828 [prop.
693 2742 768 2824 XX]
775 2793 783 2827 ,
811 2743 843 2807 h.
867 2765 893 2807 e.
916 2743 1111 2827 praecedens

96 2850 345 2935 praecedentem
368 2853 401 2914 et
424 2871 561 2933 sequens
586 2852 780 2933 sequentem.
817 2849 928 2934 itaque
949 2854 981 2914 E
1000 2873 1112 2915 nume·
1172 2868 1175 2874 ’

142 1133 163 1180 Α

97 3099 160 3153 add.
184 3116 221 3152 m.
245 3113 299 3152 ree.
336 3098 405 3151 Post
423 3099 449 3149 A
467 3094 531 3150 add.
551 3094 618 3164 Vp:
644 3089 793 3167 ἀριθμούς.
884 3091 1020 3167 ἀριθμός]
1041 3113 1110 3152 corr.

96 3185 131 3224 ex
149 3163 292 3239 eiqvtpoic
309 3186 346 3222 m.
365 3184 419 3224 ree.
439 3167 470 3222 P.
563 3171 604 3222 11.
625 3161 769 3294 ⁰513qu
792 3184 861 3223 eorr.
886 3185 920 3223 ex
944 3163 959 3222 ὁ
980 3170 1007 3220 Γ
1028 3188 1059 3235 φ,
1079 3184 1112 3221 ex

96 3235 558 3310 oiF,Apm.2;oiA‚PP.
615 3241 655 3290 12.
676 3236 734 3292 εἰσί
773 3257 829 3309 pq.
884 3243 921 3309 A,
940 3237 1110 3308 E]E,Ap.
1173 3282 1175 3285 ,

133 3316 173 3366 13.
192 3307 263 3382 ἄρα]
282 3327 336 3365 om.
355 3308 417 3379 Vq.
512 3315 553 3364 19.
573 3306 644 3434 tuoe}
664 3309 725 3363 ἴσον
744 3329 774 3378 φ.
866 3315 910 3363 20.
929 3305 973 3378 oi]
993 3302 1059 3363 eeu
1079 3307 1111 3375 P,

89 3381 150 3457 ιᾶθΙ.
169 3400 206 3437 m.
225 3398 279 3437 ree.
316 3375 451 3450 ἀνάλογοι
464 3398 491 3450 p.
565 3385 608 3435 25.
643 3375 750 3436 λάττων
763 3379 793 3438 P.
866 3385 909 3434 26.
930 3372 1066 3434 ἐλάττονα
1079 3378 1109 3433 Ρ.
