2430 3840
366 188 641 240 utmmuuouuu
658 189 767 240 mum
785 190 844 242 vu.
939 170 944 181 '
1048 187 1112 252 267

100 331 186 413 dieo,
213 352 383 395 numerum
405 336 437 394 A
464 335 591 414 partem
618 331 809 431 habiturum
837 353 907 396 esse
931 353 951 395 a
978 353 1113 398 numero

100 444 129 503 Β
153 439 403 503 denominatam.

119 560 367 650 Ι-Τ--Ι
488 544 575 610 Nam
594 544 721 628 quoties
745 549 773 608 Β
797 565 967 608 numerum
990 549 1022 608 A
1050 566 1116 608 me-

117 672 238 723 ι-ιΒ
422 651 511 734 titur,
529 653 580 716 tot
595 651 662 716 sint
675 651 817 715 unitates
838 651 872 714 in
891 653 927 714 Γ.
960 651 1114 734 quoniam

119 776 309 829 ι--ιΓ
422 761 450 820 Β
487 779 658 821 numerum
694 763 726 821 A
765 757 939 822 secundum
973 756 1115 822 unitates

117 898 163 938 ,.,
173 886 199 936 Δ
422 863 549 927 numeri
563 865 595 926 Γ
614 864 758 947 metitur,
782 866 815 927 et
838 863 937 927 etiam
957 862 1066 928 unitas
1082 868 1116 927 A

99 993 268 1037 numerum
287 972 320 1033 Γ
334 967 512 1034 seeundum
531 967 679 1033 unitates'
693 970 761 1033 eius
785 969 926 1048 metitur,
950 973 984 1032 A
1006 970 1114 1034 unitas

92 1092 270 1144 'numerum
285 1080 317 1141 Γ
327 1079 359 1140 et
372 1079 401 1138 Β
416 1095 585 1139 numerum
597 1080 629 1139 A
643 1075 821 1159 aequaliter
831 1076 974 1140 metitur.
1006 1076 1115 1159 itaque
1147 1067 1149 1071 ¹

98 1183 310 1268 permutatim
332 1186 366 1245 A
389 1180 498 1246 unitas
524 1203 695 1246 numerum
718 1187 746 1246 Β
776 1185 809 1246 et
831 1185 864 1246 Γ
885 1203 1056 1245 numerum
1083 1187 1116 1246 A

101 1289 279 1373 aequaliter
301 1286 435 1351 metitur
460 1289 563 1372 [prop.
582 1287 669 1370 XV].
714 1288 824 1372 itaque
848 1310 929 1374 quae
960 1310 1036 1373 pers
1066 1291 1116 1352 est

100 1400 134 1459 A
162 1394 270 1459 unitas
303 1393 430 1459 numeri
462 1397 504 1476 B,
538 1395 650 1459 eadem
679 1417 755 1478 pars
787 1399 837 1460 est
869 1395 967 1459 etiem
998 1398 1031 1459 Γ
1059 1416 1116 1458 nu·

99 1501 181 1565 meri
213 1506 252 1565 A.
303 1522 416 1565 uerum
450 1505 484 1564 A
515 1503 622 1567 unitas
654 1502 781 1567 numeri
812 1507 841 1566 Β
874 1524 950 1586 pars
988 1505 1038 1565 est
1072 1501 1113 1565 eb

99 1607 170 1692 ipso
199 1607 415 1674 denominata.
459 1628 536 1692 ergo
564 1609 663 1672 etiem
691 1610 723 1671 Γ
747 1607 874 1672 numeri
899 1613 931 1672 A
958 1630 1035 1691 pars
1064 1612 1114 1672 est

100 1735 120 1777 a
152 1718 181 1777 Β
214 1713 433 1780 denominate.
488 1736 587 1797 quare
620 1720 653 1779 A
685 1715 813 1797 partem
840 1700 942 1778 hebet
973 1717 1005 1778 Γ
1034 1736 1053 1778 a
1086 1718 1115 1778 Β

99 1818 354 1903 denominatam
378 1821 464 1904 quod
488 1823 559 1884 erat
581 1818 878 1883 demonstrandum.

511 2025 696 2094 XXXVIII.

167 2151 201 2218 si
228 2175 381 2219 numerus
409 2157 537 2238 partem
566 2153 744 2241 quamlibet
770 2154 884 2240 habet,
912 2176 1064 2220 numerus
1096 2178 1115 2220 a
1151 2239 1153 2242 .

99 2262 193 2344 perte
216 2258 442 2324 denominatus
467 2281 540 2324 eum
564 2262 723 2326 metietur.

105 2387 136 2436 Αι
458 2397 462 2435 ι
597 2367 757 2433 Numerus
796 2369 882 2432 euim
919 2373 952 2432 A
988 2373 1115 2451 partem

133 2493 280 2544 ι--ιΒ
531 2473 712 2559 quamlibet
729 2474 851 2539 habeat
869 2477 907 2558 B,
930 2477 963 2537 et
985 2495 1005 2537 e
1022 2479 1115 2557 perte

61 2651 63 2653 ,
134 2599 341 2648 ι--ιΓ
530 2583 559 2643 Β
573 2579 801 2645 'denominatus
821 2580 864 2644 sit
883 2582 920 2643 Γ.
957 2578 1037 2662 dieo,
1057 2602 1115 2645 nu·

133 2707 232 2758 1-4A
530 2669 655 2750 merulfi
681 2688 714 2750 Γ
742 2707 911 2750 numerum
939 2691 971 2749 A
999 2686 1116 2751 metiri.

165 2791 252 2858 Nem
276 2791 431 2877 quoniam
454 2795 483 2855 B
506 2791 631 2856 numeri
655 2797 688 2856 A
710 2813 786 2876 pers
810 2794 860 2856 est
884 2794 955 2857 eI'
973 2792 1116 2858 denomi-

99 2902 190 2981 nata,
219 2901 253 2962 et
281 2899 380 2961 etiam
408 2902 442 2961 A
469 2898 577 2963 unitas
606 2919 682 2982 pers
706 2901 756 2963 est
778 2898 906 2962 numeri
928 2901 961 2962 Γ
980 2898 1021 2963 eb
1044 2900 1115 2983 ipso

99 3003 318 3086 denominate,
342 3025 424 3088 quae
448 3026 525 3088 pers
549 3008 599 3069 est
621 3007 655 3069 A
673 3003 924 3070 unitus'numeri
944 3006 980 3086 Γ,
1004 3005 1116 3070 eadem

100 3132 177 3196 pars
201 3113 251 3175 est
274 3111 375 3175 etiam
397 3114 426 3174 Β
449 3111 576 3174 numeri
599 3117 640 3174 A.
685 3112 796 3195 itaque
820 3115 854 3174 A
877 3111 986 3175 unitas
1006 3132 1116 3175 nume-

94 3238 174 3310 ¹rum
197 3219 229 3281 Γ
250 3219 283 3281 et
305 3220 334 3280 Β
357 3238 527 3282 numerum
554 3222 587 3280 A
613 3216 792 3300 aequaliter
821 3217 963 3281 metitur.
1008 3216 1118 3300 itaque
