2430 3840
360 167 635 218 nnanauroaun
653 168 763 218 amaa
779 169 841 221 vn.
1048 169 1112 232 219

165 306 237 372 Sint
265 311 419 393 quattuor
445 309 570 374 numeri
592 310 853 393 proportionales
877 316 922 394 A,
946 315 988 395 Β,
1010 314 1047 395 Γ,
1072 317 1115 397 Δ,

97 415 144 478 ita
162 418 199 478 ut
217 415 262 479 sit
280 420 312 478 A
327 437 334 477 :
349 419 378 478 Β
393 445 435 468 =
450 417 500 479 P:
516 419 558 479 A.
592 415 674 498 dieo,
697 436 767 481 esse
786 416 887 480 etiam
904 419 1114 498 permutatim

96 524 129 583 A
143 543 150 583 :
165 522 197 584 Γ
207 549 249 574 =
264 523 293 583 Β
309 544 317 584 :
332 525 374 585 A.

104 681 126 727 A
380 647 457 690 nam
484 626 640 712 quoniam
664 630 713 691 est
732 632 786 690 A:
800 630 829 690 Β
845 657 887 679 =
902 630 952 692 F:
967 633 1009 713 A,
1033 650 1115 712 quae

107 749 124 754 ·
161 747 179 753 ·
215 745 234 752 “
314 753 390 815 pars
406 732 459 795 uel
473 736 583 816 partes
598 736 647 797 est
665 738 697 796 A
714 732 841 796 numeri
855 737 893 816 Β,
908 733 1019 798 eadem
1038 757 1115 818 pars

313 840 366 903 uel
384 840 495 921 partes
515 839 576 902 erit
595 839 695 902 etiam
709 840 742 902 Γ
755 838 882 902 numeri
901 844 934 903 Δ
956 840 1031 922 [def.
1046 842 1114 923 20].

158 1021 176 1028 -
264 996 290 1044 A
312 945 423 1028 itaque
456 944 666 1027 permutatim
698 964 780 1027 quae
812 966 889 1027 pars
916 948 969 1010 uel
1001 951 1113 1031 partes

154 1051 176 1098 Β
266 1063 285 1069 “
312 1055 362 1114 est
389 1055 422 1113 A
448 1049 575 1113 numeri
602 1052 644 1132 Γ,
672 1049 783 1113 eadem
815 1071 892 1133 pars
920 1051 977 1139 uel,
1004 1057 1114 1135 partes

211 1152 238 1202 Γ
312 1159 362 1220 est
394 1154 493 1218 etiam
526 1156 555 1218 Β
586 1155 713 1219 numeri
742 1159 775 1218 A
804 1157 907 1239 [prop.
930 1155 985 1237 X].
1036 1178 1113 1244 ergo

265 1278 283 1288 ·
310 1267 368 1325 A:
387 1264 476 1325 Γπ
494 1265 524 1324 Β
544 1264 605 1325 :A
633 1259 708 1341 [def.
732 1260 803 1346 20];
843 1261 930 1344 quod
962 1266 1032 1327 erat
1060 1263 1114 1327 de-

95 1369 354 1434 monstrandum.

558 1559 644 1626 XIV.

162 1687 198 1754 si
226 1687 388 1774 quotlibet
413 1685 541 1750 numeri
568 1683 638 1748 dati
666 1689 742 1750 sunt
769 1689 803 1749 et
831 1686 886 1749 alii
914 1686 954 1749 iis
976 1708 1112 1752 numero

95 1793 247 1877 aequales
270 1793 342 1858 bini
361 1791 457 1856 simul
475 1789 638 1854 coniuncti
657 1792 689 1852 et
707 1790 742 1853 in
762 1789 873 1853 eadem
892 1792 1113 1876 proportione,

94 1900 193 1965 etiam
218 1920 256 1962 ex
279 1916 383 1981 aequo
406 1897 441 1959 in
465 1894 578 1958 eadem
601 1893 811 1976 proportione
835 1897 939 1960 erunt.

163 2003 235 2070 Sint
264 2000 424 2088 quotlibet
452 1997 580 2064 numeri
603 2003 643 2082 A,
667 2000 705 2081 Β,
729 2001 762 2063 Γ
781 2001 814 2061 et
836 1998 892 2062 alii
914 1999 954 2063 iis
977 2021 1112 2069 numero

65 2093 68 2097 .
93 2111 245 2195 aequales
276 2107 346 2173 bini
366 2097 471 2170 'simul
502 2104 667 2170 coniuncti
695 2104 728 2168 in
756 2105 868 2170 eadem
895 2109 1110 2191 proportione

571 2261 574 2297 l
627 2261 631 2296 l

93 2727 142 2804 A,
164 2725 207 2805 a,
231 2726 273 2806 z,
295 2723 343 2787 aa
366 2727 403 2788 ut
426 2698 819 2790 sitA2a2=A=aet
842 2724 1113 2788 a:r=.a:z.

90 2829 175 2921 fiioo,
199 2849 268 2893 esse
292 2829 391 2895 etiam
415 2852 454 2894 ex
477 2852 580 2915 aequo
604 2836 637 2894 A
651 2853 659 2894 ε
674 2832 706 2895 Γ
717 2861 758 2884 =
774 2834 807 2893 A
822 2852 830 2892 :
845 2834 880 2893 Z.

160 2956 238 2998 nam
261 2937 415 3018 quoniam
438 2939 488 3000 est
510 2942 564 3002 A:
579 2941 609 3001 Β
623 2967 665 2990 =
682 2941 737 3000 A:
752 2941 795 3021 Β,
818 2934 1027 3019 permutatim
1052 2933 1114 2998 erit

93 3045 125 3103 A
140 3044 197 3104 :A
211 3070 253 3094 =
268 3044 297 3104 Β
313 3046 368 3107 :E
390 3045 495 3127 [prop.
518 3041 623 3124 xlm.
668 3064 780 3108 rursus
804 3042 957 3126 quoniam
977 3044 1027 3105 est

465 3154 493 3213 Β
508 3171 515 3212 :
531 3151 563 3213 Γ
573 3179 615 3200 ==
631 3153 682 3212 E:
698 3152 738 3231 Z,

93 3254 306 3335 permutatim
327 3255 390 3341 erit
409 3258 497 3319 BzE
507 3285 548 3309 ==
559 3257 643 3319 ΓεΖ
669 3253 748 3334 [idq.
786 3253 842 3317 sed
859 3255 1042 3318 B:E=A
1052 3274 1059 3313 :
1071 3253 1114 3314 A.
