2430 3840
563 678 643 751 VH.

464 847 739 915 Definitiones.

166 980 192 1042 1.
216 976 335 1041 Unitas
360 978 409 1038 est
433 995 484 1058 ea,
508 974 683 1039 seeundum
708 994 804 1056 quam
822 993 1034 1056 unaquaeque
1057 993 1109 1036 res

97 1106 162 1147 una
186 1081 380 1146 nominatur.

164 1189 194 1251 2.
217 1186 380 1251 Numerus
415 1190 523 1251 autem
557 1189 607 1252 est
644 1185 817 1250 multitudo
855 1205 894 1249 ex
930 1183 1110 1248 unitatibus

97 1293 286 1376 composita.

165 1398 194 1462 3.
217 1396 298 1461 Pars
322 1401 372 1462 est
395 1399 502 1464 minor
523 1419 676 1462 numerus
700 1397 846 1482 maioris,
875 1395 931 1462 ubi
954 1396 1111 1461 maiorem

98 1503 240 1571 metitur.

163 1612 194 1675 4.
217 1610 330 1676 Partes
355 1616 478 1694 autem,
502 1612 563 1677 ubi
582 1634 649 1676 non
673 1612 814 1675 metitur.

165 1716 194 1779 5.
217 1715 388 1799 Multiplex
411 1721 519 1782 autem
543 1718 648 1782 maior
671 1717 816 1799 minoris,
839 1716 895 1781 ubi
913 1717 1021 1781 minor
1039 1737 1112 1780 eum

96 1821 239 1885 metitur.
757 1846 758 1849 ¹

167 1927 195 1990 6.
218 1924 282 1990 Par
308 1947 460 1991 numerus
490 1931 552 2011 est,
582 1927 637 2011 qui
660 1927 694 1991 in
718 1926 798 1992 duas
825 1930 934 2012 partes
962 1926 1112 2008 aequales

69 2031 72 2036 ’
99 2027 261 2097 diuiditur.

167 2141 195 2204 7.
218 2139 330 2223 Impar
353 2143 476 2226 autem,
500 2140 555 2225 qui
577 2140 611 2204 in
635 2140 714 2205 duas
738 2145 857 2226 partes·
874 2142 1025 2226 aequales
1047 2161 1113 2204 non

99 2245 266 2330 diuiditur,
290 2247 359 2311 siue
385 2247 441 2330 qui
463 2246 589 2311 unitate
616 2246 724 2312 differt
747 2270 766 2312 a
788 2248 861 2332 pari
883 2267 1031 2311 numero.

167 2354 196 2418 8.
219 2352 344 2418 Pariter
376 2375 435 2436 par
465 2356 514 2417 est
540 2372 710 2439 numerus,
743 2375 836 2438 quem
868 2375 929 2437 par
960 2372 1113 2415 numerus

101 2460 277 2524 seeundum
300 2480 412 2544 parem
434 2481 604 2525 numerum
630 2457 803 2543 metitur.¹)

167 2567 197 2631 9.
221 2566 347 2631 Pariter
375 2569 482 2630 autem
510 2568 617 2652 impar
645 2570 707 2648 est,
741 2587 836 2649 quem
867 2586 927 2648 par
959 2584 1111 2628 numerus

101 2672 278 2738 secundum
302 2674 460 2757 imparem
484 2695 653 2738 numerum
679 2669 848 2758 metitur.²)

175 2885 200 2952 1)
219 2883 281 2939 Def.
310 2888 326 2937 8
355 2882 475 2953 scriptor
501 2882 595 2938 neseio
624 2882 699 2965 quis,
728 2882 777 2952 qui
798 2881 952 2952 Philoponi
975 2899 1114 2938 tommen-

100 2953 236 3009 tariam'
227 2971 257 3007 ιιι
281 2953 486 3008 Nicomachum
504 2953 682 3038 retractauit,
706 2955 781 3037 apud
798 2953 895 3009 Hoehe
913 2954 1024 3023 Philop
1045 2958 1113 3008 1865

98 3044 126 3094 p.
150 3024 213 3080 V'
204 3043 234 3078 ιιι
263 3019 478 3111 quibusdam'
459 3020 651 3113 uvrrypqirporc
668 3024 711 3079 ita
732 3024 842 3079 inuenit
864 3041 1037 3112 expressamp
1065 3019 1114 3093 ἆρ-

70 3116 72 3119 ·
102 3091 193 3156 araim
201 3091 309 3183 ἄρτιός
327 3091 402 3150 ἐστιν
421 3090 576 3181 ἀριθμὸς
563 3115 578 3150 ο
598 3090 654 3150 ὑπὸ
674 3090 773 3164 ἀρτίου
787 3092 914 3165 ἀριθμοῦ
929 3091 1002 3160 aar&
1016 3089 1115 3162 ἄρτιον

101 3161 229 3235 ἀριθμὸν
249 3164 341 3237 μόνοις
359 3161 562 3237 μετρούμενος,
583 3165 617 3220 de
636 3181 692 3234 qua
710 3166 848 3234 scriptura
864 3164 938 3220 falsa
955 3182 981 3219 u
998 3163 1116 3219 Studien

171 3311 198 3376 2)
218 3307 260 3363 De
289 3309 343 3364 def
369 3328 379 3362 ι
384 3307 584 3377 interpolata
606 3325 631 3361 ιι.
659 3305 825 3375 Studienp.
851 3311 902 3360 198
923 3322 979 3374 sq.;
1003 3319 1055 3358 om.
1080 3304 1114 3357 ed

100 3378 186 3433 Basil.
206 3379 236 3433 et
254 3379 412 3449 Gregorius.
677 3421 678 3424 ι
