2430 3840
369 138 643 192 ELEMENTORUM
661 139 769 189 LIBER
787 139 846 192 VII.
1053 138 1116 202 187

173 284 223 349 10.
245 282 419 367 Impariter
450 284 558 346 autem
591 281 698 365 impar
733 302 884 346 numerus
922 287 984 366 est,
1022 304 1116 366 quem

102 393 208 474 impar
244 412 396 456 numerus
435 388 610 454 secundum
646 388 805 472 imparem
842 409 1010 453 numerum
1051 410 1115 453 me·

102 499 189 561 titur.

171 605 220 670 11.
243 586 389 668 Primus
405 623 558 667 numerus
592 603 655 684 est,
687 620 783 685 quem
814 599 924 665 unitas
955 600 1024 665 sola
1051 622 1116 666 me-

102 712 191 776 titur.

173 817 222 881 12.
245 815 348 880 Primi
371 815 456 880 inter
481 835 514 904 se
537 813 663 878 numeri
687 817 776 899 sunt,
804 836 885 899 quos
914 814 1022 880 unitas
1047 814 1117 879 sola

103 923 282 988 communis
306 942 457 987 mensura
479 920 622 994 metitur.

170 1031 220 1094 13.
243 1027 451 1112 Ocmpositus
479 1047 631 1090 numerus
660 1029 721 1109 est,
751 1047 846 1110 quem
875 1048 1028 1091 numerus
1060 1026 1116 1090 ali-

105 1137 175 1219 quis
199 1134 340 1199 metitur.

169 1241 219 1304 14.
244 1237 426 1321 Compositi
449 1239 535 1303 inter
554 1260 587 1303 se
605 1239 732 1303 numeri
751 1241 836 1323 sunt,
860 1260 941 1323 quos
959 1259 1113 1303 numerus

104 1345 221 1429 aliquis
246 1345 426 1409 communis
450 1367 600 1410 mensura
624 1346 764 1410 metitur.

173 1450 222 1517 15.
244 1450 408 1517 Numerus
440 1473 611 1517 numerum
643 1452 859 1537 multiplicare
892 1452 1023 1536 dicitur,
1059 1452 1116 1517 ubi

102 1560 181 1642 quot
204 1559 336 1623 suntin
359 1579 397 1623 co
421 1560 577 1645 unitates,
605 1559 703 1623 toties
727 1559 934 1644 componitur
962 1579 1115 1623 numerus

101 1664 351 1748 multiplicatus,
374 1667 407 1728 et
430 1665 533 1731 oritur
557 1665 674 1751 aliquis
697 1687 859 1731 numerus.

169 1771 219 1832 16.
242 1769 309 1834 Ubi
333 1773 441 1835 autem
466 1771 528 1836 duo
552 1772 679 1835 numeri
701 1771 787 1835 inter
807 1791 840 1835 se
859 1772 1114 1856 multiplicantes

100 1895 271 1937 numerum
290 1876 431 1958 aliquem
451 1876 605 1957 efficiunt,
622 1897 777 1941 numerus
795 1876 869 1941 inde
889 1878 978 1940 ortus
997 1878 1114 1960 planus

101 1981 250 2064 uocatur,
282 1979 387 2044 latera
420 1985 528 2046 autem
562 1981 629 2045 eius
661 1981 787 2045 numeri
818 1981 904 2045 inter
938 2003 972 2045 se
1004 1980 1114 2044 multi-

100 2086 269 2170 plicantes.

169 2194 219 2258 17.
243 2193 309 2259 Ubi
333 2195 443 2257 autem
464 2195 531 2257 tres
554 2193 682 2258 numeri
700 2194 787 2259 inter
805 2217 839 2259 se
859 2193 1114 2278 multiplicantes

100 2320 270 2364 numerum
302 2299 441 2385 aliquem
466 2297 624 2384 efficiunt,
651 2321 804 2365 numerus
827 2300 902 2364 inde
925 2305 1015 2366 crtus
1040 2302 1113 2365 soli·

100 2406 159 2470 dus
192 2408 254 2490 est,
284 2407 388 2471 latera
421 2409 527 2471 autem
561 2406 629 2471 eius
661 2407 788 2472 numeri
819 2406 904 2472 inter
940 2429 973 2471 se
1006 2407 1114 2470 multi-

97 2510 265 2596 plicantes.

166 2620 216 2684 18.
241 2618 424 2695 Quadratus
461 2641 614 2684 numerus
652 2624 701 2684 est
739 2618 917 2703 aequaliter
953 2620 1108 2706 aequalis,

98 2725 166 2788 siue
213 2725 269 2809 qui
314 2725 439 2789 duobus
486 2725 672 2808 aequalibus
718 2725 860 2790 numeris
906 2725 1113 2811 comprehen-

97 2830 193 2895 ditur.

99 3075 205 3129 om.V.
288 3071 501 3216 8.‹lsuqo'sP.
585 3075 987 3146 14πο1υπ1αοιο1ζεινΡΒρ.
1070 3083 1112 3131 16

96 3143 409 3216 πολλαπλασιαζόμενος
446 3143 576 3270 -ζόμενος
595 3164 610 3201 e
629 3165 699 3204 corr.
723 3167 759 3203 m.
780 3154 841 3218 2p.
934 3153 975 3203 18.
995 3149 1112 3202 ποιῶσιν

97 3214 159 3269 PB.
232 3223 275 3272 22.
294 3217 462 3272 ποιῶσινΒ.
537 3212 678 3299 ἔστιν]Ε,
698 3234 788 3288 comp.
807 3237 840 3288 p:
866 3213 973 3287 ἒοτιΡ,
991 3218 1112 3283 Psallus3

99 3290 228 3341 autenm
246 3287 308 3343 BV.
382 3294 424 3342 23.
445 3286 534 3357 Supra
553 3286 606 3342 οἱ
598 3305 628 3342 m
646 3287 718 3345 Pm.
738 3305 793 3344 rac
813 3283 874 3344 tvo
