2430 3840
357 109 633 160 ELEMENTORUM
649 109 759 162 LIBER
776 111 809 163 V.
1067 107 1109 172 67

94 255 145 317 Γε
160 257 192 316 Ε
205 283 246 305 =
262 257 290 317 Θ
304 274 311 317 :
325 257 367 318 K.
400 275 500 339 quare
519 253 618 318 etiam
632 257 660 318 Θ
675 277 682 318 :
697 257 731 317 K
744 284 786 306 =
803 256 834 316 A
848 277 856 317 ε
871 257 912 317 M
924 253 1109 338 [prop.Xl],

95 361 128 424 et
155 360 368 442 permutando
394 362 496 444 [prop.
520 358 614 440 XVI]
638 364 688 424 a:
703 362 734 422 A
750 390 791 412 =
808 363 862 423 K:
877 363 925 426 M.
972 360 1028 423 sed
1056 360 1108 423 de-

95 468 312 530 monstratum
335 468 393 549 est,
416 487 486 531 esse
510 465 609 530 etiam
622 469 662 530 H
673 489 680 530 :
695 470 724 530 Θ
738 496 780 519 =
798 470 841 530 M
851 468 917 529 :N
949 466 1014 530 iam
1030 486 1108 549 quo·

93 571 183 636 niam
206 572 301 637 datae
324 577 400 637 sunt
422 575 489 636 tres
512 572 754 662 magnitudines
777 576 826 656 H,
849 576 891 655 Θ,
914 575 946 634 Λ
969 575 1002 637 et
1026 571 1108 636 aliae

92 679 132 744 iis
156 700 289 743 numero
314 678 465 763 aequales
484 680 526 761 K,
544 682 592 762 M,
611 681 654 762 N,
676 679 772 744 binae
799 678 896 744 simul
915 679 1107 744 coniunctae

93 785 128 848 in
157 785 268 855 eadem
296 783 519 869 proportione,
547 786 580 847 et
606 786 799 868 perturbata
827 789 877 850 est
900 808 1011 851 aarum
1035 807 1107 870 pro-

92 892 200 977 portio
234 890 310 973 [def.
340 891 410 970 18]‚
443 911 482 954 ex
515 909 631 973 aequo,
664 890 692 954 si
723 894 760 954 H
791 891 1049 975 magnitudinem
1077 894 1108 954 A

92 1000 239 1082 superat,
263 997 363 1062 etiam
385 997 421 1058 K
441 993 700 1078 magnitudinem
722 998 762 1058 N
782 999 926 1077 superat,
950 998 982 1059 et
1005 997 1033 1060 si
1057 1017 1107 1060 ae·

93 1104 212 1188 qualis,
236 1101 380 1185 aequalis
404 1102 467 1183 est,
496 1104 528 1165 et
551 1098 580 1163 si
602 1100 721 1183 minor,
748 1099 856 1162 minor
880 1101 983 1183 [prop.
1006 1099 1109 1182 XXl].

94 1213 128 1274 et
153 1212 196 1292 H,
220 1209 256 1270 K
275 1205 535 1290 magnitudinum
557 1211 599 1290 A,
623 1211 656 1268 A
679 1227 780 1290 aeque
803 1204 999 1290 multiplices
1024 1211 1109 1292 sunt,

94 1317 135 1396 A,
149 1316 188 1376 N
208 1315 317 1377 autem
339 1312 599 1398 magnitudinum
622 1315 710 1397 132.
743 1313 852 1398 itaque
867 1316 1052 1378 A:F=A
1063 1316 1109 1378 :Z

95 1418 169 1499 [def.
194 1417 239 1500 5].

73 1576 85 1601 0
158 1524 249 1612 Ergo
277 1524 306 1588 si
328 1525 425 1590 datae
448 1528 526 1590 sunt
547 1529 613 1590 tres
637 1526 879 1611 magnitudines
902 1529 936 1590 et
959 1525 1042 1590 aliae
1066 1527 1107 1590 iis

91 1653 225 1698 numero
258 1632 422 1716 aequales,
455 1632 553 1697 binae
586 1632 682 1696 simul
711 1633 902 1697 coniunctae
930 1632 966 1695 in
994 1633 1106 1697 eadem

90 1739 312 1822 proportione,
335 1740 368 1802 et
391 1738 582 1821 perturbata
605 1740 655 1802 est
678 1759 788 1802 aarum
806 1737 984 1822 proportio,
1009 1739 1107 1803 etiam

92 1865 131 1907 ex
160 1864 262 1928 aequo
288 1843 324 1906 in
347 1842 459 1907 eadem
482 1842 694 1926 proportione
717 1844 825 1924 erunt,
854 1842 939 1926 quod
963 1845 1032 1907 erat
1055 1843 1107 1908 de·

93 1947 350 2014 monstrandum.

537 2087 656 2155 xxiv.
673 2048 676 2053 ’

162 2229 197 2296 si
226 2231 340 2315 ‘prima
372 2230 413 2295 ad
449 2229 622 2296 secundam
650 2229 786 2296 eandem
817 2231 978 2296 rationem
1008 2231 1108 2297 habet

92 2360 129 2404 ao
156 2337 255 2402 tertia
283 2338 324 2401 ad
347 2341 510 2423 quartam,
538 2340 571 2402 et
595 2337 695 2402 etiarn
725 2337 839 2421 quinta
868 2337 909 2401 ad
933 2337 1106 2402 secundam
1140 2358 1143 2362 ’

91 2442 227 2509 eandem
254 2443 414 2508 rationem
442 2443 542 2509 habet
569 2466 606 2509 ao
634 2446 725 2509 sexta
752 2441 793 2506 ad
820 2446 984 2526 quartam,
1007 2443 1106 2508 etiam

89 2550 288 2634 compositae
325 2549 431 2635 prima
467 2555 501 2615 et
535 2549 650 2635 quinta
683 2548 724 2611 ad
760 2545 936 2612 secundam
968 2547 1103 2612 eandem

90 2657 252 2723 rationem
279 2654 449 2721 habebunt
472 2677 508 2720 ao
531 2656 630 2720 tertia
652 2658 807 2738 sextaque
832 2653 872 2717 ad
898 2656 1055 2737 quartam.

89 2915 181 2983 ἰσάκις
203 2915 397 2975 πολλαπλάσια
419 2917 484 2974 add.
507 2917 562 2988 Bp.
646 2924 687 2973 12.
712 2918 752 2989 Γ]
777 2934 846 2974 oorr.
870 2934 904 2972 ex
927 2921 949 2970 Β
972 2935 1008 2973 m.
1034 2923 1049 2971 2
1074 2916 1104 2970 P.

126 2996 169 3046 14.
188 2990 236 3045 καὶ
255 2984 286 3044 ἐν
300 2990 335 3057 Ρ;
354 2989 407 3044 καί
416 2988 480 3044 add.
495 2988 525 3044 in
541 3007 597 3060 mg.
612 3007 647 3044 m.
662 2995 679 3044 2
695 2987 725 3057 F,
740 2989 790 3043 sed
804 3004 883 3044 enan.
949 2994 990 3044 16.
1012 2985 1102 3057 ἔσται]

89 3077 144 3116 om.
168 3061 198 3116 P.
273 3066 314 3116 18.
335 3059 400 3131 ἔχῃ]
422 3057 480 3131 ἔχει
498 3060 528 3114 Ρ.
