2430 3840
365 157 641 208 aaauauroauu
658 159 767 210 amaa
785 160 844 213 vn.
1045 158 1108 222 189

165 299 214 364 19.
239 297 348 364 Cubus
368 301 476 364 autem
496 301 745 385 estaequaliter
764 303 907 386 aequalis
923 304 1109 388 aequaliter,

92 405 160 469 siue
184 406 240 490 qui
263 406 367 470 tribus
391 405 579 489 aequalibus
603 408 746 472 numeris
769 407 1064 491 comprehenditur.

159 512 212 577 20.
235 510 372 577 Numeri
403 512 662 597 proportionales
696 517 785 599 sunt,
817 513 873 579 ubi
905 513 1029 597 primus
1061 535 1108 579 se-

94 619 191 683 cundi
220 622 253 682 et
281 620 398 682 tertius
427 619 535 703 quarti
563 622 619 683 aut
647 640 747 704 aeque
779 619 948 705 multiplex
976 624 1026 685 est
1054 624 1111 684 aut

94 726 206 790 eadem
229 748 306 810 pars
331 728 387 789 aut
409 725 539 789 eaedem
563 729 680 809 partes.

159 833 211 897 21.
236 829 365 895 Similes
388 831 515 922 numeri
538 831 628 915 plani
651 833 683 894 et
705 829 799 896 solidi
818 835 902 916 sunt,
926 833 982 916 qui
1005 833 1108 897 latera

96 937 354 1021 proportionalia
376 936 507 1001 habent.

158 1044 211 1108 22.
234 1042 401 1107 Perfectus
420 1062 572 1107 numerus
588 1046 645 1128 est,
666 1043 721 1126 qui
739 1042 890 1125 partibus
909 1043 976 1107 suis
993 1064 1109 1128 aequa-

91 1151 132 1214 lis
156 1153 213 1214 est.

590 1271 615 1336 Ι.

159 1393 254 1458 Datis
274 1393 399 1460 duobus
423 1397 567 1461 numeris
586 1396 810 1481 inaequalibus
831 1400 863 1462 et
881 1397 1007 1463 minore
1027 1420 1109 1463 sem·

72 1522 151 1584 -per
173 1501 318 1577 uicissim
341 1525 361 1567 a
384 1505 507 1570 maiore
531 1505 709 1588 subtracto,
734 1505 761 1569 si
779 1504 922 1589 reliquus
941 1526 1109 1590 nunquam

92 1609 238 1691 proxime
262 1611 505 1676 antecedentem
528 1612 678 1696 metitur,
701 1611 802 1677 donea
825 1611 1018 1695 relinquitur
1038 1613 1108 1677 uni·

94 1717 158 1798 tas,
181 1717 309 1781 numeri
333 1718 373 1782 ab
397 1719 490 1784 initio
516 1718 585 1783 dati
607 1718 705 1801 primi
729 1721 824 1782 erunt
846 1718 931 1782 inter
954 1739 997 1783 se.

403 1823 490 1887 Nam
533 1822 671 1886 duorum
707 1843 917 1888 numerorum
950 1828 1029 1907 AB,
1047 1827 1110 1888 ΓΔ

334 1927 460 1991 minore
476 1947 604 2009 semper
613 1928 758 1991 uioissim
770 1950 789 1992 a
803 1928 925 1992 maiore
942 1929 1108 1995 subtracto

335 2032 478 2117 reliquus
513 2053 554 2095 ne
591 2033 745 2097 metiatur
780 2055 924 2117 unquam
961 2035 1109 2118 proxime

336 2137 599 2223 antecedentem,
635 2139 736 2204 donee
768 2141 960 2224 relinquitur
993 2141 1110 2207 unitas.

190 2313 192 2319 ,
249 2314 267 2321 ,
334 2244 421 2328 dieo,
443 2266 595 2311 numeros
624 2250 703 2329 AB,
721 2249 784 2311 ΓΔ
811 2248 895 2312 inter
923 2271 957 2314 se
986 2250 1108 2333 primos

190 2347 192 2437 ]
255 2329 291 2437 ‘E
334 2373 417 2435 esse,
449 2352 511 2417 hoo
537 2355 598 2435 est,
630 2352 791 2418 unitatem
824 2355 927 2419 solam
955 2376 1108 2419 numeros

255 2373 257 2511 l
332 2466 364 2524 A
371 2463 413 2543 B,
432 2462 495 2523 ΓΔ
518 2458 635 2523 metiri.

398 2587 475 2629 nam
486 2565 557 2629 siA
564 2568 602 2649 B,
611 2567 674 2629 ΓΔ
682 2565 768 2629 inter
779 2586 813 2630 se
823 2564 920 2649 primi
929 2586 995 2630 non
1006 2569 1109 2650 erunt,

95 2672 210 2756 aliquis
224 2692 377 2735 numerus
390 2693 444 2736 eos
456 2671 616 2736 metietur.
648 2670 803 2736 metiatur
818 2674 851 2735 et
865 2671 909 2736 sit
924 2675 961 2736 E.
999 2674 1032 2736 et
1049 2674 1110 2736 ΓΔ

93 2513 139 2560 Β-
183 2448 264 2562 l,.

95 2909 229 3002 ἑαυτοῦ]
241 2911 340 2978 αὐτοῖς
354 2917 400 3039 gV,
430 2932 500 2970 corr
522 2916 553 2969 in
576 2911 665 2970 αυτοῦ
689 2912 1055 3006 111.2.12.α’]0111
1075 2918 1108 2971 V

132 2992 173 3040 13.
193 2981 275 3075 δυο]
288 2986 324 3052 Ρ·
354 2981 405 3040 ἐὰν
429 2983 482 3041 δύο
507 2987 604 3041 Theon
630 2985 763 3057 (Brvp).
855 2983 1040 3077 ἐκκειμένων]
1065 2984 1109 3042 ἐκ·

94 3073 165 3110 eras
189 3057 220 3113 F.
257 3027 513 3126 avuhqaaaops'vov
532 3057 570 3124 V3
595 3075 664 3113 oorr.
688 3077 724 3112 m
748 3064 773 3113 2.
866 3057 976 3130 mas]
1001 3058 1035 3126 Ρ;
1055 3075 1109 3113 om.

95 3127 193 3182 Theon
217 3128 351 3199 (BFVp.)
443 3133 485 3182 15.
513 3099 639 3199 eoam,
665 3145 719 3184 om.
744 3129 843 3184 Theon
866 3127 1000 3216 (BFVp.)
1041 3129 1111 3183 Post

60 3246 63 3251 .
94 3193 261 3281 λειπόμενος
279 3217 332 3254 ras.
352 3198 442 3254 aliu.
457 3199 491 3253 V
549 3204 589 3253 16.
609 3201 707 3271 ληφθῇ
722 3201 757 3255 V.
813 3205 856 3255 19.
875 3195 994 3271 ανίσων]
1010 3217 1064 3254 om
1079 3198 1109 3253 P

94 3269 162 3340 τῶν]
182 3270 276 3338 aciF,
295 3291 311 3324 ν
330 3270 394 3325 add.
413 3289 450 3324 m.
471 3276 496 3325 2.
534 3218 841 3339 ἆνθυφαιρομένουΡ
914 3275 957 3324 21
976 3266 1043 3354 πρό]
1065 3287 1109 3323 su·

94 3357 146 3425 pra
163 3359 199 3395 m.
216 3311 280 3396 2V.
336 3347 377 3395 22.
396 3339 549 3411 ληφθῇῑῑ.
605 3346 647 3395 23.
668 3337 725 3394 εἰσί
741 3340 798 3409 Vp
854 3346 895 3395 26.
916 3335 1040 3410 ἀριθμὸς
1059 3334 1109 3395 αὖ·

94 3407 573 3481 τούςΡ.μ11ρήτωΡ,οο11.111
592 3428 647 3468 reo
