2430 3840
129 164 194 228 355
504 160 704 213 ΣΤοΙΧΕΙΩΝ
722 155 766 214 ε’.

129 309 267 373 δεικται·
291 305 376 390 λέγω
402 303 484 390 [δῆ],
509 301 559 370 ὅτι
582 303 638 369 καὶ
663 305 698 369 ολ
714 300 825 368 λοιποὶ
843 301 962 378 πάντες
980 298 1148 386 τετράγω-

128 417 188 480 νοί
208 417 301 479 εἰσιν.
344 411 413 479 ἐπεὶ
436 409 500 497 γάρ
526 411 560 475 ολ
582 417 624 494 Α,
643 416 683 494 Β,
701 414 734 474 Γ
753 408 828 492 ἑξῆς
850 404 1021 491 άνάλομύν
1045 410 1148 491 εἰσιν,

128 523 187 586 καί
208 521 297 585 ἐστιν
322 514 339 585 6
360 527 392 583 A
414 515 632 604 τετράγωνος,
655 514 711 581 καὶ
736 511 801 582 δΓ
821 509 911 597 [άρα]
935 513 1148 596 τετράγωνος

128 627 227 693 ἐστιν.
273 624 389 707 πάλιν,
419 623 490 690 ἐπεὶ
520 621 602 704 [καὶ]
632 623 667 688 ολ
688 627 732 706 Β,
756 625 794 704 Γ,
818 628 851 686 A
874 619 948 704 ἑξῆς
971 615 1147 704 άνάλομόν

93 736 230 816 σοῖσιν,
258 735 317 797 καί
342 731 432 797 ἐστιν
457 725 475 797 6
500 736 528 794 Β
551 728 774 813 τετράγωνος,
797 726 852 792 καὶ
877 721 894 792 6
920 733 953 790 A
978 722 1071 812 [άρα]
1096 752 1146 793 τε·

126 837 296 925 τράγωνός
319 837 419 902 ἐστιν.
458 832 580 921 ὁμοίως
603 832 645 919 δῆ
672 833 839 918 δείξομεν,
864 829 914 898 ὅτι
938 832 993 897 καὶ
1018 835 1053 899 ολ
1076 840 1146 899 λοι-

126 943 184 1009 ποὶ
207 940 328 1022 πάντες
350 940 556 1027 τετράγωνοί
576 944 671 1008 εἰσιν.

191 1046 288 1115 Ἀλλά
318 1048 360 1135 δῆ
386 1053 469 1114 ἔστω
493 1045 511 1115 6
535 1056 567 1114 A
589 1048 704 1132 κύβος·
736 1045 837 1130 λέγω,
865 1042 916 1111 ὅτι
939 1043 995 1109 καὶ
1019 1047 1055 1111 ολ
1076 1051 1146 1111 λοι-

126 1155 183 1221 ποὶ
206 1154 327 1234 πάντες
350 1154 451 1240 κύβοι
474 1158 569 1222 εἰσίν.

75 1275 108 1323 10
186 1258 254 1327 Ὅτι
278 1259 339 1347 μὲν
363 1252 427 1328 ούν
452 1257 470 1327 6
495 1260 649 1346 τέταρτος
672 1255 736 1325 άπὸ
760 1261 818 1343 τῆς
836 1255 983 1342 μονάδος
1002 1253 1019 1322 6
1039 1262 1072 1322 Γ
1088 1257 1146 1324 κύ-

126 1371 186 1450 βος
216 1366 283 1432 ἐστὶ
312 1367 367 1432 καὶ
398 1369 433 1433 οῖ
460 1365 522 1432 δύο
551 1369 777 1446 διαλείποντες
799 1364 935 1448 πάντες,
964 1363 1147 1430 δέδεικται·

126 1473 211 1555 λέγω
237 1468 318 1555 [δῆ],
343 1468 395 1537 ὅτι
417 1471 474 1537 καὶ
498 1473 532 1537 οἱ
553 1470 664 1537 λοιποὶ
689 1467 810 1546 πάντες
828 1469 925 1553 κύβοι
945 1473 1040 1536 εἰσίν.
1074 1472 1147 1537 ἐπεὶ

125 1575 189 1662 γάρ
214 1576 303 1642 ἐστιν
328 1574 373 1654 ὡς
396 1573 417 1661 ῆ
441 1574 545 1662 μονάς
567 1573 650 1662 πρὸς
672 1573 736 1642 τδν
759 1584 805 1664 A,
831 1574 936 1654 ούτεος
959 1572 977 1642 6
1004 1583 1035 1641 A
1059 1574 1147 1663 πρὸς

126 1680 185 1749 τὸν
205 1687 245 1766 Β,
269 1679 378 1760 ἰσάκις
400 1680 465 1766 άρα
488 1678 507 1768 ῆ
534 1679 638 1769 μονάς
662 1679 722 1748 τὸν
737 1688 770 1747 Α
794 1694 907 1768 μετρεῖ
923 1681 978 1746 καὶ
998 1679 1015 1748 6
1033 1691 1065 1747 A
1084 1681 1146 1750 τὸν

78 1803 109 1852 15
128 1794 164 1855 B.
203 1787 223 1874 ῆ
254 1787 291 1855 δὲ
320 1789 425 1874 μονάς
453 1787 513 1856 τὸν
537 1799 568 1854 A
591 1797 703 1875 μετρεῖ
724 1785 807 1854 κατὰ
830 1790 887 1866 τὰς
911 1789 947 1854 ἐν
971 1785 1061 1879 αὐτῷ
1085 1816 1146 1874 μο-

126 1893 241 1974 νάδας·
278 1896 334 1962 καλ
359 1896 376 1963 6
397 1904 429 1962 A
452 1894 517 1983 άρα
540 1892 642 1962 τὸνΒ
667 1907 780 1981 μετρεῖ
800 1895 882 1959 κατὰ
905 1896 963 1971 τὰς
987 1896 1023 1961 ἐν
1048 1894 1140 1986 αὑτῷ

125 2000 286 2087 μονάδας·
325 2000 343 2068 ὁ
377 2010 408 2066 A
440 1998 505 2088 άρα
537 1999 659 2067 ἑαυτὸν
693 2000 986 2077 πολλαπλασιάσας
1017 1999 1078 2067 τὸν
1112 2009 1141 2067 Β

124 2111 310 2191 πεποίηκεν.
351 2110 410 2172 καί
431 2107 520 2172 ἐστιν
540 2105 558 2172 6
579 2115 610 2171 A
632 2104 743 2191 κύβος.
780 2103 838 2171 ἐὰν
863 2104 899 2184 δὲ
925 2104 1027 2191 κύβος
1047 2103 1144 2193 άριθ-

124 2210 186 2298 μὸς
215 2211 335 2278 ἑαυτὸν
363 2211 654 2290 πολλαπλασιάσας
681 2215 760 2298 ποιῆ
789 2237 879 2295 τινα,
911 2211 928 2278 6
960 2213 1143 2297 γενόμενος

72 2333 106 2380 20
125 2317 226 2404 κύβος
250 2320 352 2384 ἐστίν·
384 2318 440 2384 καὶ
465 2317 482 2385 6
503 2325 531 2383 Β
555 2302 633 2405 άρά
644 2317 747 2402 κύβος
771 2319 868 2384 ἐστίν.
902 2319 957 2385 καί
982 2319 1051 2384 ἐπεὶ
1070 2320 1143 2386 τέσ-

126 2445 224 2509 σαρες
251 2420 392 2510 ἀριθμοὶ
421 2425 456 2490 οἱ
482 2432 526 2509 Α,
551 2431 594 2509 Β,
619 2429 656 2508 Γ,
682 2431 715 2489 A
744 2423 818 2508 ἑξῆς
845 2420 1015 2509 άνάλομύν
1046 2429 1146 2509 εἰσιν,

124 2537 183 2598 καί
200 2532 289 2597 ἐστιν
310 2528 327 2596 6
353 2537 385 2595 Α
407 2528 521 2614 κύβος,
544 2529 599 2595 καλ
624 2529 642 2596 ὁ
668 2537 700 2595 A
724 2527 789 2617 άρα
813 2529 915 2615 κύβος
940 2531 1038 2597 ἐστίν.
1087 2535 1146 2597 δια

124 2635 165 2702 τά
188 2633 270 2702 αύτδι
296 2638 336 2722 δὴ
361 2635 417 2702 καὶ
441 2634 458 2701 6
483 2641 515 2701 Β
535 2634 637 2721 κύβος
662 2638 762 2720 ἐστίν,
786 2635 843 2728 καὶ
867 2634 990 2720 ὁμοίως
1015 2639 1050 2701 οῖ
1072 2643 1144 2704 λοι-

125 2741 183 2808 ποὶ
205 2739 326 2818 πάντες
349 2739 448 2826 κύβοι
472 2744 570 2807 εἰσίν·
605 2741 686 2829 ὅπερ
711 2745 777 2808 ἔδει
802 2745 915 2822 δεῖξαι.

74 2961 108 3009 25
617 2964 652 3003 ῖ.

189 3054 274 3125 Ἐάν
294 3055 367 3125 άπδ
388 3060 563 3146 μονάδος
587 3059 806 3129 ὁποσοιοῦν
828 3057 995 3148 άριθμοὶ
1022 3059 1144 3148 [ἑξῆς]

198 3278 220 3325 1.
241 3269 293 3363 &vij
313 3290 367 3329 om.
387 3273 416 3327 P.
471 3280 496 3328 2.
516 3271 601 3414 εἰσινῆ
622 3273 693 3341 (alt.)
713 3269 767 3325 εἰσι
786 3271 847 3339 th.
909 3278 933 3327 3.
953 3266 1145 3339 τετράγωνος·

128 3343 176 3398 καλ
195 3339 210 3396 6
231 3345 347 3415 Γαρα]
367 3361 423 3413 mg.
444 3363 473 3411 φ.
529 3339 586 3410 ἄρα
620 3360 672 3397 om.
690 3343 718 3397 P.
774 3346 799 3394 4.
821 3337 911 3464 ἐστῖρ)
932 3343 953 3395 P
973 3343 1038 3396 etv
1061 3346 1112 3398 sed
1132 3368 1149 3400 ν

127 3409 334 3480 delendam.
390 3414 456 3483 καί]
468 3431 521 3468 om.
533 3414 562 3467 P.
619 3420 642 3467 5.
655 3411 739 3481 εἰσιν]
752 3431 779 3465 -ν
790 3411 872 3466 delet.
911 3455 916 3465 .
974 3413 1096 3481 Δλεεοε.
1113 3418 1147 3471 V.

121 3477 198 3549 ἄρα]
217 3497 272 3537 om.
291 3483 322 3536 P.
397 3489 437 3535 12.
457 3480 511 3552 δὴ]
531 3499 584 3538 om.
603 3483 633 3538 P.
700 3487 742 3535 15.
763 3483 1035 3552 Β]Βμετρεῖνφ,
1101 3484 1147 3560 ἐν]
