<?xml version="1.0" encoding="UTF-8"?>
<!DOCTYPE html PUBLIC "-//W3C//DTD XHTML 1.0 Transitional//EN"
    "http://www.w3.org/TR/xhtml1/DTD/xhtml1-transitional.dtd">
<html xmlns="http://www.w3.org/1999/xhtml" xml:lang="en" lang="en">
 <head>
  <title>
</title>
<meta http-equiv="Content-Type" content="text/html;charset=utf-8" />
  <meta name='ocr-system' content='tesseract 3.04.00' />
  <meta name='ocr-capabilities' content='ocr_page ocr_carea ocr_par ocr_line ocrx_word'/>
</head>
<body>
  <div class='ocr_page' id='page_1' title='image "./euclidisoperaom08unkngoog/euclidisoperaom08unkngoog_0040.png"; bbox 0 0 2430 3840; ppageno 0'>
   <div class='ocr_carea' id='block_1_1' title="bbox 365 173 1111 383">
    <p class='ocr_par' dir='ltr' id='par_1_1' title="bbox 365 173 1111 383">
     <span class='ocr_line' id='line_1_1' title="bbox 365 173 1111 238; baseline 0 -14"><span class='ocrx_word' id='word_1_1' title='bbox 365 173 639 224; x_wconf 73' lang='lat' dir='ltr'>mensunusum</span> <span class='ocrx_word' id='word_1_2' title='bbox 657 175 766 225; x_wconf 75' lang='lat' dir='ltr'>amna</span> <span class='ocrx_word' id='word_1_3' title='bbox 784 176 815 228; x_wconf 88' lang='lat' dir='ltr'>v.</span> <span class='ocrx_word' id='word_1_4' title='bbox 1070 173 1111 238; x_wconf 85' lang='lat'>13</span> 
     </span>
     <span class='ocr_line' id='line_1_2' title="bbox 576 316 635 383; baseline 0.017 -1"><span class='ocrx_word' id='word_1_5' title='bbox 576 316 635 383; x_wconf 88' lang='lat' dir='ltr'><strong>III.</strong></span> 
     </span>
    </p>
   </div>
   <div class='ocr_carea' id='block_1_2' title="bbox 60 437 1132 3288">
    <p class='ocr_par' dir='ltr' id='par_1_2' title="bbox 95 437 1113 950">
     <span class='ocr_line' id='line_1_3' title="bbox 163 437 1110 529; baseline 0.003 -26"><span class='ocrx_word' id='word_1_6' title='bbox 163 437 198 504; x_wconf 79' lang='lat' dir='ltr'>Si</span> <span class='ocrx_word' id='word_1_7' title='bbox 211 440 319 524; x_wconf 90' lang='lat' dir='ltr'>prima</span> <span class='ocrx_word' id='word_1_8' title='bbox 337 442 496 506; x_wconf 89' lang='lat' dir='ltr'>secundae</span> <span class='ocrx_word' id='word_1_9' title='bbox 511 443 544 506; x_wconf 88' lang='lat' dir='ltr'>et</span> <span class='ocrx_word' id='word_1_10' title='bbox 562 443 660 506; x_wconf 88' lang='lat' dir='ltr'>tertia</span> <span class='ocrx_word' id='word_1_11' title='bbox 678 445 814 529; x_wconf 82' lang='lat' dir='ltr'>quartae</span> <span class='ocrx_word' id='word_1_12' title='bbox 833 463 934 526; x_wconf 88' lang='lat' dir='ltr'>aeque</span> <span class='ocrx_word' id='word_1_13' title='bbox 953 442 1110 526; x_wconf 89' lang='lat' dir='ltr'>multipli-</span> 
     </span>
     <span class='ocr_line' id='line_1_4' title="bbox 95 546 1111 634; baseline 0 -23"><span class='ocrx_word' id='word_1_14' title='bbox 95 569 149 611; x_wconf 90' lang='lat' dir='ltr'>ces</span> <span class='ocrx_word' id='word_1_15' title='bbox 170 549 254 630; x_wconf 80' lang='lat' dir='ltr'>sunt,</span> <span class='ocrx_word' id='word_1_16' title='bbox 273 549 307 610; x_wconf 90' lang='lat' dir='ltr'>et</span> <span class='ocrx_word' id='word_1_17' title='bbox 319 547 443 630; x_wconf 81' lang='lat' dir='ltr'>primae</span> <span class='ocrx_word' id='word_1_18' title='bbox 457 548 638 634; x_wconf 74' lang='lat' dir='ltr'>tertiaeque</span> <span class='ocrx_word' id='word_1_19' title='bbox 653 570 754 633; x_wconf 91' lang='lat' dir='ltr'>aeque</span> <span class='ocrx_word' id='word_1_20' title='bbox 767 546 964 630; x_wconf 71' lang='lat' dir='ltr'>multiplices</span> <span class='ocrx_word' id='word_1_21' title='bbox 979 569 1111 611; x_wconf 89' lang='lat' dir='ltr'>sumun-</span> 
     </span>
     <span class='ocr_line' id='line_1_5' title="bbox 97 651 1111 739; baseline 0 -22"><span class='ocrx_word' id='word_1_22' title='bbox 97 656 160 736; x_wconf 81' lang='lat' dir='ltr'>tur,</span> <span class='ocrx_word' id='word_1_23' title='bbox 179 653 333 717; x_wconf 75' lang='lat' dir='ltr'>etiamen</span> <span class='ocrx_word' id='word_1_24' title='bbox 352 651 488 739; x_wconf 87' lang='lat' dir='ltr'>aequ0¹)</span> <span class='ocrx_word' id='word_1_25' title='bbox 508 654 769 739; x_wconf 83' lang='lat' dir='ltr'>magnitudinum</span> <span class='ocrx_word' id='word_1_26' title='bbox 791 656 994 738; x_wconf 84' lang='lat' dir='ltr'>sumpturum</span> <span class='ocrx_word' id='word_1_27' title='bbox 1008 653 1111 718; x_wconf 90' lang='lat' dir='ltr'>altera</span> 
     </span>
     <span class='ocr_line' id='line_1_6' title="bbox 98 758 1113 846; baseline -0.001 -23"><span class='ocrx_word' id='word_1_28' title='bbox 98 759 256 824; x_wconf 90' lang='lat' dir='ltr'>secundae</span> <span class='ocrx_word' id='word_1_29' title='bbox 280 759 383 824; x_wconf 90' lang='lat' dir='ltr'>altera</span> <span class='ocrx_word' id='word_1_30' title='bbox 407 762 542 846; x_wconf 84' lang='lat' dir='ltr'>quartae</span> <span class='ocrx_word' id='word_1_31' title='bbox 574 782 675 845; x_wconf 90' lang='lat' dir='ltr'>aeque</span> <span class='ocrx_word' id='word_1_32' title='bbox 701 760 898 845; x_wconf 86' lang='lat' dir='ltr'>multiplices</span> <span class='ocrx_word' id='word_1_33' title='bbox 927 762 1022 825; x_wconf 88' lang='lat' dir='ltr'>erunt</span> <span class='ocrx_word' id='word_1_34' title='bbox 1049 758 1113 823; x_wconf 91' lang='lat' dir='ltr'>sin-</span> 
     </span>
     <span class='ocr_line' id='line_1_7' title="bbox 97 865 429 950; baseline 0.009 -22"><span class='ocrx_word' id='word_1_35' title='bbox 97 865 193 950; x_wconf 83' lang='lat' dir='ltr'>gulae</span> <span class='ocrx_word' id='word_1_36' title='bbox 218 865 429 950; x_wconf 89' lang='lat' dir='ltr'>singularum.</span> 
     </span>
    </p>

    <p class='ocr_par' dir='ltr' id='par_1_3' title="bbox 96 972 1112 1801">
     <span class='ocr_line' id='line_1_8' title="bbox 96 972 1110 1056; baseline 0.001 -22"><span class='ocrx_word' id='word_1_37' title='bbox 96 1001 351 1049; x_wconf 66' lang='lat' dir='ltr'>Ar—-r—-r-——i</span> <span class='ocrx_word' id='word_1_38' title='bbox 623 972 709 1037; x_wconf 90' lang='lat' dir='ltr'>Nam</span> <span class='ocrx_word' id='word_1_39' title='bbox 727 973 833 1056; x_wconf 90' lang='lat' dir='ltr'>prima</span> <span class='ocrx_word' id='word_1_40' title='bbox 855 977 887 1034; x_wconf 88' lang='lat' dir='ltr'><em>A</em></span> <span class='ocrx_word' id='word_1_41' title='bbox 909 972 1068 1037; x_wconf 86' lang='lat' dir='ltr'>secundae</span> <span class='ocrx_word' id='word_1_42' title='bbox 1081 975 1110 1035; x_wconf 89' lang='grc' dir='ltr'><strong>Β</strong></span> 
     </span>
     <span class='ocr_line' id='line_1_9' title="bbox 98 1078 1111 1172; baseline -0.002 -30"><span class='ocrx_word' id='word_1_43' title='bbox 98 1124 205 1172; x_wconf 67' lang='lat' dir='ltr'>lei—r</span> <span class='ocrx_word' id='word_1_44' title='bbox 580 1081 613 1143; x_wconf 91' lang='lat' dir='ltr'>et</span> <span class='ocrx_word' id='word_1_45' title='bbox 634 1078 732 1143; x_wconf 87' lang='lat' dir='ltr'>tertia</span> <span class='ocrx_word' id='word_1_46' title='bbox 749 1081 782 1142; x_wconf 92' lang='grc' dir='ltr'>Γ</span> <span class='ocrx_word' id='word_1_47' title='bbox 801 1080 934 1161; x_wconf 84' lang='lat' dir='ltr'>quartae</span> <span class='ocrx_word' id='word_1_48' title='bbox 955 1082 988 1140; x_wconf 90' lang='grc' dir='ltr'><em>Δ</em></span> <span class='ocrx_word' id='word_1_49' title='bbox 1011 1098 1111 1159; x_wconf 91' lang='lat' dir='ltr'>aeque</span> 
     </span>
     <span class='ocr_line' id='line_1_10' title="bbox 329 1183 1112 1268; baseline -0.003 -21"><span class='ocrx_word' id='word_1_50' title='bbox 329 1210 357 1260; x_wconf 67' lang='grc' dir='ltr'><em>Κ</em></span> <span class='ocrx_word' id='word_1_51' title='bbox 549 1184 647 1259; x_wconf 78' lang='lat' dir='ltr'>zsiut</span> <span class='ocrx_word' id='word_1_52' title='bbox 665 1183 870 1268; x_wconf 82' lang='lat' dir='ltr'>multiplices,</span> <span class='ocrx_word' id='word_1_53' title='bbox 891 1187 924 1247; x_wconf 92' lang='lat' dir='ltr'>et</span> <span class='ocrx_word' id='word_1_54' title='bbox 942 1186 1112 1266; x_wconf 82' lang='lat' dir='ltr'>sumantur</span> 
     </span>
     <span class='ocr_line' id='line_1_11' title="bbox 97 1281 1111 1376; baseline -0.002 -22"><span class='ocrx_word' id='word_1_55' title='bbox 97 1281 127 1332; x_wconf 70' lang='lat' dir='ltr'>E*</span> <span class='ocrx_word' id='word_1_56' title='bbox 343 1295 346 1329; x_wconf 85' lang='lat'><em>¹</em></span> <span class='ocrx_word' id='word_1_57' title='bbox 561 1290 839 1376; x_wconf 78' lang='lat' dir='ltr'>&#39;magnitudinum</span> <span class='ocrx_word' id='word_1_58' title='bbox 880 1295 927 1373; x_wconf 87' lang='lat' dir='ltr'><em>A,</em></span> <span class='ocrx_word' id='word_1_59' title='bbox 942 1291 974 1353; x_wconf 93' lang='grc' dir='ltr'>Γ</span> <span class='ocrx_word' id='word_1_60' title='bbox 1011 1308 1111 1371; x_wconf 89' lang='lat' dir='ltr'>aeque</span> 
     </span>
     <span class='ocr_line' id='line_1_12' title="bbox 98 1394 1112 1482; baseline -0.014 -9"><span class='ocrx_word' id='word_1_61' title='bbox 98 1423 274 1473; x_wconf 74' lang='grc' dir='ltr'>Π-ι-ι-;</span> <span class='ocrx_word' id='word_1_62' title='bbox 577 1398 772 1482; x_wconf 83' lang='lat' dir='ltr'>multiplices</span> <span class='ocrx_word' id='word_1_63' title='bbox 808 1400 886 1478; x_wconf 84' lang='grc' dir='ltr'>ΕΖ,</span> <span class='ocrx_word' id='word_1_64' title='bbox 899 1399 977 1460; x_wconf 90' lang='grc' dir='ltr'>ΗΘ.</span> <span class='ocrx_word' id='word_1_65' title='bbox 1031 1394 1112 1478; x_wconf 90' lang='lat' dir='ltr'>dico,</span> 
     </span>
     <span class='ocr_line' id='line_1_13' title="bbox 97 1502 1112 1598; baseline -0.004 -28"><span class='ocrx_word' id='word_1_66' title='bbox 97 1549 177 1598; x_wconf 45' lang='grc' dir='ltr'>ΔΗ</span> <span class='ocrx_word' id='word_1_67' title='bbox 580 1508 643 1570; x_wconf 87' lang='grc' dir='ltr'>ΕΖ</span> <span class='ocrx_word' id='word_1_68' title='bbox 679 1502 914 1588; x_wconf 84' lang='lat' dir='ltr'>magnitudinis</span> <span class='ocrx_word' id='word_1_69' title='bbox 945 1505 1026 1568; x_wconf 89' lang='lat' dir='ltr'>Bet</span> <span class='ocrx_word' id='word_1_70' title='bbox 1043 1505 1112 1567; x_wconf 97' lang='grc' dir='ltr'>ΗΘ</span> 
     </span>
     <span class='ocr_line' id='line_1_14' title="bbox 250 1608 1112 1700; baseline -0.01 -20"><span class='ocrx_word' id='word_1_71' title='bbox 250 1640 274 1689; x_wconf 77' lang='lat'>11</span> <span class='ocrx_word' id='word_1_72' title='bbox 579 1611 814 1700; x_wconf 89' lang='lat' dir='ltr'>magnitudinis</span> <span class='ocrx_word' id='word_1_73' title='bbox 830 1615 863 1674; x_wconf 87' lang='lat' dir='ltr'><em>A</em></span> <span class='ocrx_word' id='word_1_74' title='bbox 880 1630 982 1694; x_wconf 90' lang='lat' dir='ltr'>aeque</span> <span class='ocrx_word' id='word_1_75' title='bbox 1003 1608 1112 1673; x_wconf 88' lang='lat' dir='ltr'>multi·</span> 
     </span>
     <span class='ocr_line' id='line_1_15' title="bbox 98 1707 783 1801; baseline -0.003 -18"><span class='ocrx_word' id='word_1_76' title='bbox 98 1707 437 1762; x_wconf 65' lang='lat' dir='ltr'>Hr--r--re</span> <span class='ocrx_word' id='word_1_77' title='bbox 579 1719 682 1801; x_wconf 91' lang='lat' dir='ltr'>plices</span> <span class='ocrx_word' id='word_1_78' title='bbox 705 1739 783 1782; x_wconf 89' lang='lat' dir='ltr'>esse.</span> 
     </span>
    </p>

    <p class='ocr_par' dir='ltr' id='par_1_4' title="bbox 60 1822 1132 3288">
     <span class='ocr_line' id='line_1_16' title="bbox 164 1822 1112 1909; baseline 0.001 -25"><span class='ocrx_word' id='word_1_79' title='bbox 164 1844 242 1886; x_wconf 89' lang='lat' dir='ltr'>nam</span> <span class='ocrx_word' id='word_1_80' title='bbox 271 1826 426 1907; x_wconf 92' lang='lat' dir='ltr'>quoniam</span> <span class='ocrx_word' id='word_1_81' title='bbox 454 1828 517 1889; x_wconf 84' lang='grc' dir='ltr'>ΕΖ</span> <span class='ocrx_word' id='word_1_82' title='bbox 544 1822 780 1909; x_wconf 87' lang='lat' dir='ltr'>magnitudinis</span> <span class='ocrx_word' id='word_1_83' title='bbox 803 1827 835 1884; x_wconf 88' lang='lat' dir='ltr'><em>A</em></span> <span class='ocrx_word' id='word_1_84' title='bbox 850 1824 882 1886; x_wconf 87' lang='lat' dir='ltr'>et</span> <span class='ocrx_word' id='word_1_85' title='bbox 895 1825 964 1886; x_wconf 87' lang='grc' dir='ltr'>ΗΘ</span> <span class='ocrx_word' id='word_1_86' title='bbox 985 1822 1112 1906; x_wconf 88' lang='lat' dir='ltr'>magni·</span> 
     </span>
     <span class='ocr_line' id='line_1_17' title="bbox 99 1925 1132 2012; baseline 0.001 -23"><span class='ocrx_word' id='word_1_87' title='bbox 99 1925 223 1989; x_wconf 90' lang='lat' dir='ltr'>tudinis</span> <span class='ocrx_word' id='word_1_88' title='bbox 251 1929 283 1989; x_wconf 95' lang='grc' dir='ltr'><strong><em>Γ</em></strong></span> <span class='ocrx_word' id='word_1_89' title='bbox 306 1949 408 2012; x_wconf 90' lang='lat' dir='ltr'>aeque</span> <span class='ocrx_word' id='word_1_90' title='bbox 436 1927 633 2010; x_wconf 90' lang='lat' dir='ltr'>multiplices</span> <span class='ocrx_word' id='word_1_91' title='bbox 662 1929 752 2008; x_wconf 89' lang='lat' dir='ltr'>sunt,</span> <span class='ocrx_word' id='word_1_92' title='bbox 780 1928 860 2008; x_wconf 90' lang='lat' dir='ltr'>quot</span> <span class='ocrx_word' id='word_1_93' title='bbox 888 1928 964 1990; x_wconf 91' lang='lat' dir='ltr'>sunt</span> <span class='ocrx_word' id='word_1_94' title='bbox 990 1927 1026 1989; x_wconf 93' lang='lat' dir='ltr'>in</span> <span class='ocrx_word' id='word_1_95' title='bbox 1048 1930 1132 1990; x_wconf 52' lang='lat' dir='ltr'>EZ¹</span> 
     </span>
     <span class='ocr_line' id='line_1_18' title="bbox 98 2030 1111 2117; baseline 0.001 -23"><span class='ocrx_word' id='word_1_96' title='bbox 98 2031 339 2115; x_wconf 86' lang='lat' dir='ltr'>magnitudines</span> <span class='ocrx_word' id='word_1_97' title='bbox 363 2032 583 2117; x_wconf 88' lang='lat' dir='ltr'>magnitudini</span> <span class='ocrx_word' id='word_1_98' title='bbox 606 2036 638 2096; x_wconf 88' lang='lat' dir='ltr'><em>A</em></span> <span class='ocrx_word' id='word_1_99' title='bbox 661 2031 824 2116; x_wconf 85' lang='lat' dir='ltr'>aequales,</span> <span class='ocrx_word' id='word_1_100' title='bbox 851 2030 990 2095; x_wconf 92' lang='lat' dir='ltr'>totidem</span> <span class='ocrx_word' id='word_1_101' title='bbox 1013 2033 1111 2095; x_wconf 89' lang='lat' dir='ltr'>etiam</span> 
     </span>
     <span class='ocr_line' id='line_1_19' title="bbox 100 2137 1112 2225; baseline 0.002 -23"><span class='ocrx_word' id='word_1_102' title='bbox 100 2139 135 2202; x_wconf 93' lang='lat' dir='ltr'>in</span> <span class='ocrx_word' id='word_1_103' title='bbox 158 2141 226 2202; x_wconf 93' lang='grc' dir='ltr'>ΗΘ</span> <span class='ocrx_word' id='word_1_104' title='bbox 248 2143 326 2205; x_wconf 89' lang='lat' dir='ltr'>sunt</span> <span class='ocrx_word' id='word_1_105' title='bbox 355 2139 574 2225; x_wconf 88' lang='lat' dir='ltr'>magnitudini</span> <span class='ocrx_word' id='word_1_106' title='bbox 601 2142 634 2205; x_wconf 87' lang='grc' dir='ltr'>Γ</span> <span class='ocrx_word' id='word_1_107' title='bbox 658 2139 818 2223; x_wconf 89' lang='lat' dir='ltr'>aequales.</span> <span class='ocrx_word' id='word_1_108' title='bbox 860 2137 1025 2202; x_wconf 86' lang='lat' dir='ltr'>diuidatur</span> <span class='ocrx_word' id='word_1_109' title='bbox 1053 2139 1112 2204; x_wconf 80' lang='grc' dir='ltr'>ΕΖ</span> 
     </span>
     <span class='ocr_line' id='line_1_20' title="bbox 98 2246 1113 2332; baseline -0.002 -22"><span class='ocrx_word' id='word_1_110' title='bbox 98 2247 132 2310; x_wconf 92' lang='lat' dir='ltr'>in</span> <span class='ocrx_word' id='word_1_111' title='bbox 155 2247 398 2332; x_wconf 86' lang='lat' dir='ltr'>magnitudines</span> <span class='ocrx_word' id='word_1_112' title='bbox 426 2246 643 2332; x_wconf 90' lang='lat' dir='ltr'>magnitudini</span> <span class='ocrx_word' id='word_1_113' title='bbox 666 2250 699 2310; x_wconf 91' lang='lat' dir='ltr'><em>A</em></span> <span class='ocrx_word' id='word_1_114' title='bbox 717 2247 867 2332; x_wconf 88' lang='lat' dir='ltr'>aequales</span> <span class='ocrx_word' id='word_1_115' title='bbox 887 2247 969 2326; x_wconf 79' lang='lat' dir='ltr'>HK,</span> <span class='ocrx_word' id='word_1_116' title='bbox 982 2247 1060 2327; x_wconf 89' lang='lat' dir='ltr'>KZ,</span> <span class='ocrx_word' id='word_1_117' title='bbox 1080 2248 1113 2310; x_wconf 92' lang='lat' dir='ltr'>et</span> 
     </span>
     <span class='ocr_line' id='line_1_21' title="bbox 99 2351 1111 2438; baseline 0.001 -22"><span class='ocrx_word' id='word_1_118' title='bbox 99 2355 167 2416; x_wconf 90' lang='grc' dir='ltr'>ΗΘ</span> <span class='ocrx_word' id='word_1_119' title='bbox 198 2353 232 2417; x_wconf 90' lang='lat' dir='ltr'>in</span> <span class='ocrx_word' id='word_1_120' title='bbox 263 2354 507 2438; x_wconf 89' lang='lat' dir='ltr'>magnitudines</span> <span class='ocrx_word' id='word_1_121' title='bbox 539 2351 759 2438; x_wconf 90' lang='lat' dir='ltr'>magnitudini</span> <span class='ocrx_word' id='word_1_122' title='bbox 790 2355 822 2416; x_wconf 91' lang='grc' dir='ltr'><strong><em>Γ</em></strong></span> <span class='ocrx_word' id='word_1_123' title='bbox 850 2352 1000 2436; x_wconf 89' lang='lat' dir='ltr'>aequales</span> <span class='ocrx_word' id='word_1_124' title='bbox 1028 2354 1111 2434; x_wconf 87' lang='lat' dir='ltr'><em>HA,</em></span> 
     </span>
     <span class='ocr_line' id='line_1_22' title="bbox 99 2448 1111 2544; baseline 0.002 -23"><span class='ocrx_word' id='word_1_125' title='bbox 99 2461 173 2524; x_wconf 92' lang='grc' dir='ltr'>ΛΘ.</span> <span class='ocrx_word' id='word_1_126' title='bbox 220 2448 281 2524; x_wconf 85' lang='lat' dir='ltr'>erit</span> <span class='ocrx_word' id='word_1_127' title='bbox 317 2460 418 2544; x_wconf 89' lang='lat' dir='ltr'>igitur</span> <span class='ocrx_word' id='word_1_128' title='bbox 453 2481 608 2524; x_wconf 89' lang='lat' dir='ltr'>numerus</span> <span class='ocrx_word' id='word_1_129' title='bbox 645 2458 904 2544; x_wconf 88' lang='lat' dir='ltr'>magnitudinum</span> <span class='ocrx_word' id='word_1_130' title='bbox 941 2461 1011 2523; x_wconf 87' lang='grc' dir='ltr'>ΕΚ</span> <span class='ocrx_word' id='word_1_131' title='bbox 1014 2504 1025 2539; x_wconf 91' lang='grc'><em>,</em></span> <span class='ocrx_word' id='word_1_132' title='bbox 1044 2461 1079 2522; x_wconf 89' lang='grc' dir='ltr'><strong><em>Κ</em></strong></span> <span class='ocrx_word' id='word_1_133' title='bbox 1083 2462 1111 2523; x_wconf 91' lang='grc' dir='ltr'>Ζ</span> 
     </span>
     <span class='ocr_line' id='line_1_23' title="bbox 99 2563 1110 2650; baseline -0.003 -21"><span class='ocrx_word' id='word_1_134' title='bbox 99 2586 234 2631; x_wconf 89' lang='lat' dir='ltr'>numero</span> <span class='ocrx_word' id='word_1_135' title='bbox 248 2564 510 2650; x_wconf 85' lang='lat' dir='ltr'>magnitudinum</span> <span class='ocrx_word' id='word_1_136' title='bbox 528 2568 563 2628; x_wconf 99' lang='lat' dir='ltr'><em>H</em></span> <span class='ocrx_word' id='word_1_137' title='bbox 569 2569 600 2628; x_wconf 91' lang='lat' dir='ltr'><em>A</em></span> <span class='ocrx_word' id='word_1_138' title='bbox 606 2614 615 2648; x_wconf 84' lang='lat'><strong><em>‚</em></strong></span> <span class='ocrx_word' id='word_1_139' title='bbox 630 2569 662 2629; x_wconf 90' lang='lat' dir='ltr'><em>A</em></span> <span class='ocrx_word' id='word_1_140' title='bbox 667 2568 696 2629; x_wconf 90' lang='grc' dir='ltr'>Θ</span> <span class='ocrx_word' id='word_1_141' title='bbox 715 2564 868 2649; x_wconf 90' lang='lat' dir='ltr'>aequalis.</span> <span class='ocrx_word' id='word_1_142' title='bbox 904 2566 938 2626; x_wconf 91' lang='lat' dir='ltr'>et</span> <span class='ocrx_word' id='word_1_143' title='bbox 956 2563 1110 2646; x_wconf 89' lang='lat' dir='ltr'>quoniam</span> 
     </span>
     <span class='ocr_line' id='line_1_24' title="bbox 99 2668 1111 2758; baseline -0.004 -22"><span class='ocrx_word' id='word_1_144' title='bbox 99 2677 132 2737; x_wconf 90' lang='lat' dir='ltr'><em>A</em></span> <span class='ocrx_word' id='word_1_145' title='bbox 154 2671 390 2758; x_wconf 88' lang='lat' dir='ltr'>magnitudinis</span> <span class='ocrx_word' id='word_1_146' title='bbox 415 2673 492 2736; x_wconf 89' lang='lat' dir='ltr'>Bet</span> <span class='ocrx_word' id='word_1_147' title='bbox 506 2673 539 2734; x_wconf 91' lang='grc' dir='ltr'>Γ</span> <span class='ocrx_word' id='word_1_148' title='bbox 558 2669 792 2756; x_wconf 89' lang='lat' dir='ltr'>magnitudinis</span> <span class='ocrx_word' id='word_1_149' title='bbox 816 2675 849 2734; x_wconf 98' lang='lat' dir='ltr'><em>A</em></span> <span class='ocrx_word' id='word_1_150' title='bbox 873 2690 974 2754; x_wconf 90' lang='lat' dir='ltr'>aeque</span> <span class='ocrx_word' id='word_1_151' title='bbox 1003 2668 1111 2733; x_wconf 86' lang='lat' dir='ltr'>multi-</span> 
     </span>
     <span class='ocr_line' id='line_1_25' title="bbox 99 2777 1113 2864; baseline -0.002 -21"><span class='ocrx_word' id='word_1_152' title='bbox 99 2780 199 2864; x_wconf 86' lang='lat' dir='ltr'>plices</span> <span class='ocrx_word' id='word_1_153' title='bbox 220 2781 305 2861; x_wconf 87' lang='lat' dir='ltr'>sunt,</span> <span class='ocrx_word' id='word_1_154' title='bbox 324 2781 356 2842; x_wconf 89' lang='lat' dir='ltr'>et</span> <span class='ocrx_word' id='word_1_155' title='bbox 374 2780 444 2841; x_wconf 83' lang='lat' dir='ltr'>HK</span> <span class='ocrx_word' id='word_1_156' title='bbox 458 2807 500 2830; x_wconf 78' lang='lat'><em>=</em></span> <span class='ocrx_word' id='word_1_157' title='bbox 515 2781 563 2859; x_wconf 83' lang='lat' dir='ltr'><em>A,</em></span> <span class='ocrx_word' id='word_1_158' title='bbox 582 2781 655 2841; x_wconf 90' lang='lat' dir='ltr'>HA</span> <span class='ocrx_word' id='word_1_159' title='bbox 669 2807 711 2829; x_wconf 90' lang='lat'><em>=</em></span> <span class='ocrx_word' id='word_1_160' title='bbox 726 2779 769 2859; x_wconf 87' lang='grc' dir='ltr'>Γ,</span> <span class='ocrx_word' id='word_1_161' title='bbox 788 2779 883 2842; x_wconf 86' lang='lat' dir='ltr'>erunt</span> <span class='ocrx_word' id='word_1_162' title='bbox 901 2780 967 2842; x_wconf 84' lang='grc' dir='ltr'>ΕΚ</span> <span class='ocrx_word' id='word_1_163' title='bbox 987 2777 1113 2862; x_wconf 89' lang='lat' dir='ltr'>magni-</span> 
     </span>
     <span class='ocr_line' id='line_1_26' title="bbox 98 2883 1113 2969; baseline 0.002 -20"><span class='ocrx_word' id='word_1_164' title='bbox 98 2885 223 2949; x_wconf 87' lang='lat' dir='ltr'>tudinis</span> <span class='ocrx_word' id='word_1_165' title='bbox 250 2889 279 2949; x_wconf 90' lang='lat' dir='ltr'><em>B</em></span> <span class='ocrx_word' id='word_1_166' title='bbox 299 2888 332 2949; x_wconf 93' lang='lat' dir='ltr'>et</span> <span class='ocrx_word' id='word_1_167' title='bbox 349 2887 420 2948; x_wconf 90' lang='lat' dir='ltr'><em>HA</em></span> <span class='ocrx_word' id='word_1_168' title='bbox 453 2883 687 2968; x_wconf 89' lang='lat' dir='ltr'>magnitudinis</span> <span class='ocrx_word' id='word_1_169' title='bbox 715 2889 749 2948; x_wconf 93' lang='lat' dir='ltr'><em>A</em></span> <span class='ocrx_word' id='word_1_170' title='bbox 777 2904 877 2969; x_wconf 91' lang='lat' dir='ltr'>aeque</span> <span class='ocrx_word' id='word_1_171' title='bbox 903 2883 1113 2967; x_wconf 86' lang='lat' dir='ltr'>multiplices.</span> 
     </span>
     <span class='ocr_line' id='line_1_27' title="bbox 100 2990 1112 3075; baseline -0.001 -20"><span class='ocrx_word' id='word_1_172' title='bbox 100 2991 211 3055; x_wconf 89' lang='lat' dir='ltr'>eadem</span> <span class='ocrx_word' id='word_1_173' title='bbox 241 2991 280 3054; x_wconf 92' lang='lat' dir='ltr'>de</span> <span class='ocrx_word' id='word_1_174' title='bbox 313 3013 411 3056; x_wconf 90' lang='lat' dir='ltr'>causa</span> <span class='ocrx_word' id='word_1_175' title='bbox 439 2994 506 3055; x_wconf 89' lang='lat' dir='ltr'>KZ</span> <span class='ocrx_word' id='word_1_176' title='bbox 534 2990 768 3075; x_wconf 86' lang='lat' dir='ltr'>magnitudinis</span> <span class='ocrx_word' id='word_1_177' title='bbox 798 2994 875 3056; x_wconf 88' lang='lat' dir='ltr'>Bet</span> <span class='ocrx_word' id='word_1_178' title='bbox 888 2994 953 3054; x_wconf 86' lang='grc' dir='ltr'>ΛΘ</span> <span class='ocrx_word' id='word_1_179' title='bbox 985 2990 1112 3075; x_wconf 90' lang='lat' dir='ltr'>magni-</span> 
     </span>
     <span class='ocr_line' id='line_1_28' title="bbox 60 3097 1111 3183; baseline -0.004 -20"><span class='ocrx_word' id='word_1_180' title='bbox 60 3157 63 3163; x_wconf 87' lang='lat'>.</span> <span class='ocrx_word' id='word_1_181' title='bbox 100 3097 224 3162; x_wconf 89' lang='lat' dir='ltr'>tudinis</span> <span class='ocrx_word' id='word_1_182' title='bbox 249 3103 282 3161; x_wconf 96' lang='lat' dir='ltr'><em>A</em></span> <span class='ocrx_word' id='word_1_183' title='bbox 304 3119 404 3183; x_wconf 90' lang='lat' dir='ltr'>aeque</span> <span class='ocrx_word' id='word_1_184' title='bbox 432 3097 628 3181; x_wconf 91' lang='lat' dir='ltr'>multiplices</span> <span class='ocrx_word' id='word_1_185' title='bbox 659 3100 743 3161; x_wconf 90' lang='lat' dir='ltr'>sunt.</span> <span class='ocrx_word' id='word_1_186' title='bbox 778 3097 844 3160; x_wconf 94' lang='lat' dir='ltr'>iam</span> <span class='ocrx_word' id='word_1_187' title='bbox 867 3097 1021 3181; x_wconf 89' lang='lat' dir='ltr'>quoniam</span> <span class='ocrx_word' id='word_1_188' title='bbox 1047 3097 1111 3181; x_wconf 87' lang='lat' dir='ltr'>pri-</span> 
     </span>
     <span class='ocr_line' id='line_1_29' title="bbox 97 3203 1111 3288; baseline -0.001 -21"><span class='ocrx_word' id='word_1_189' title='bbox 97 3226 152 3268; x_wconf 92' lang='lat' dir='ltr'>ma</span> <span class='ocrx_word' id='word_1_190' title='bbox 179 3207 249 3268; x_wconf 86' lang='grc' dir='ltr'>ΕΚ</span> <span class='ocrx_word' id='word_1_191' title='bbox 275 3205 432 3269; x_wconf 90' lang='lat' dir='ltr'>secundae</span> <span class='ocrx_word' id='word_1_192' title='bbox 460 3208 489 3268; x_wconf 89' lang='grc' dir='ltr'><em>Β</em></span> <span class='ocrx_word' id='word_1_193' title='bbox 519 3208 551 3267; x_wconf 85' lang='lat' dir='ltr'>et</span> <span class='ocrx_word' id='word_1_194' title='bbox 579 3203 678 3268; x_wconf 84' lang='lat' dir='ltr'>tertia</span> <span class='ocrx_word' id='word_1_195' title='bbox 700 3207 771 3268; x_wconf 91' lang='lat' dir='ltr'><em>HA</em></span> <span class='ocrx_word' id='word_1_196' title='bbox 795 3207 931 3288; x_wconf 89' lang='lat' dir='ltr'>quartae</span> <span class='ocrx_word' id='word_1_197' title='bbox 953 3208 988 3267; x_wconf 93' lang='lat' dir='ltr'><em>A</em></span> <span class='ocrx_word' id='word_1_198' title='bbox 1011 3223 1111 3286; x_wconf 88' lang='lat' dir='ltr'>aeque</span> 
     </span>
    </p>
   </div>
   <div class='ocr_carea' id='block_1_3' title="bbox 97 3349 311 3358">
    <p class='ocr_par' dir='ltr' id='par_1_5' title="bbox 97 3349 311 3358">
     <span class='ocr_line' id='line_1_30' title="bbox 97 3349 311 3358; baseline 0 -3"><span class='ocrx_word' id='word_1_199' title='bbox 97 3349 311 3358; x_wconf 52' lang='lat' dir='ltr'>m*—</span> 
     </span>
    </p>
   </div>
   <div class='ocr_carea' id='block_1_4' title="bbox 98 3406 1199 3555">
    <p class='ocr_par' dir='ltr' id='par_1_6' title="bbox 98 3406 1199 3555">
     <span class='ocr_line' id='line_1_31' title="bbox 166 3406 1199 3541; baseline -0.005 -72"><span class='ocrx_word' id='word_1_200' title='bbox 166 3415 269 3541; x_wconf 52' lang='lat' dir='ltr'>ditm</span> <span class='ocrx_word' id='word_1_201' title='bbox 280 3432 338 3470; x_wconf 89' lang='lat' dir='ltr'>non</span> <span class='ocrx_word' id='word_1_202' title='bbox 355 3414 469 3485; x_wconf 89' lang='lat' dir='ltr'>proprie</span> <span class='ocrx_word' id='word_1_203' title='bbox 483 3413 520 3468; x_wconf 89' lang='lat' dir='ltr'>ad</span> <span class='ocrx_word' id='word_1_204' title='bbox 535 3411 726 3468; x_wconf 89' lang='lat' dir='ltr'>definitionem</span> <span class='ocrx_word' id='word_1_205' title='bbox 744 3411 894 3467; x_wconf 86' lang='lat' dir='ltr'>rationis</span> <span class='ocrx_word' id='word_1_206' title='bbox 913 3406 954 3465; x_wconf 82' lang='grc' dir='ltr'>δι’</span> <span class='ocrx_word' id='word_1_207' title='bbox 977 3413 1038 3465; x_wconf 75' lang='grc' dir='ltr'><strong><em>ἴσον</em></strong></span> <span class='ocrx_word' id='word_1_208' title='bbox 1053 3412 1110 3480; x_wconf 75' lang='grc'>(17)</span> <span class='ocrx_word' id='word_1_209' title='bbox 1193 3419 1199 3426; x_wconf 92' lang='grc'>’</span> 
     </span>
     <span class='ocr_line' id='line_1_32' title="bbox 98 3500 255 3555; baseline 0.013 -15"><span class='ocrx_word' id='word_1_210' title='bbox 98 3500 202 3555; x_wconf 86' lang='lat' dir='ltr'>resprcr</span> <span class='ocrx_word' id='word_1_211' title='bbox 215 3503 255 3542; x_wconf 85' lang='lat' dir='ltr'>ur.</span> 
     </span>
    </p>
   </div>
   <div class='ocr_carea' id='block_1_5' title="bbox 0 0 1222 3840">
    <p class='ocr_par' dir='ltr' id='par_1_7' title="bbox 0 0 1222 3840">
     <span class='ocr_line' id='line_1_33' title="bbox 0 0 1222 3840; baseline 0 0"><span class='ocrx_word' id='word_1_212' title='bbox 0 0 1222 3840; x_wconf 95' lang='lat' dir='ltr'> </span> 
     </span>
    </p>
   </div>
  </div>
 </body>
</html>
