2356 3832
102 159 144 222 10
478 159 679 213 ΣΤΟΙΧΕΙΩΝ
697 153 732 216 ε’.

101 316 190 366 σιον
221 299 288 367 καὶ
314 305 450 385 τρίτον
482 299 685 386 τετάρτου,
718 291 738 389 ᾖ
771 300 815 368 δὲ
844 301 909 368 καί
935 301 1119 388 πέμπτον

101 406 291 491 δευτέρον
323 406 452 486 ἰσάκις
483 406 783 475 πολλαπλάσιον
814 408 880 476 καί
913 409 1028 476 ἕκτον
1056 434 1153 478 τε-·-

99 509 259 600 τάρτον,
300 513 364 580 καὶ
406 511 794 601 συντεθίνπρῶτον
830 513 895 581 καὶ
936 513 1116 600 πέμπτον

100 621 290 706 δευτέρου
320 617 451 697 ἰσάκις
478 623 587 686 ἔσται
610 617 908 688 πολλαπλάσιον
936 620 1001 687 καί
1029 627 1117 710 τρί-

65 737 170 792 στου
192 725 257 791 καί
280 726 395 792 ἕκτον
417 725 617 809 τετάρτου.

166 835 311 916 Πρῶτον
333 830 398 920 γάρ
420 831 459 901 τὸ
483 839 549 900 ΑΒ
574 833 733 921 δευτέρου
755 837 816 901 τοῦ
840 838 872 900 Γ
891 831 1000 912 ἰσάκις
1028 839 1115 904 ἔστω

99 934 350 1007 πολλαπλάσιον
382 938 438 1007 καί
469 943 583 1029 τρίτον
615 938 653 1009 τὸ
688 947 758 1006 ΔΕ
787 937 946 1025 τετάρτου
977 943 1039 1007 τοῦ
1074 948 1118 1029 Ζ,

99 1044 182 1110 ἔσται
211 1042 248 1112 δὲ
275 1045 331 1113 καί
358 1046 506 1133 πέμπτον
529 1044 567 1116 τὸ
591 1053 665 1114 ΒΗ
684 1045 844 1134 δευτέρον
866 1048 928 1112 τοῦ
951 1050 983 1112 Γ
1002 1045 1115 1128 ἰσάκις

99 1151 351 1221 πολλαπλάσιον
369 1153 425 1221 καί
444 1155 540 1222 ἕκτον
558 1151 595 1222 τὸ
616 1160 679 1220 ΕΘ
696 1151 855 1238 τετάρτου
873 1154 933 1219 τοῦ
949 1157 992 1217 Ζ·
1013 1154 1114 1240 λέγω,

48 1268 80 1316 10
101 1252 151 1322 ὅτι
174 1256 230 1323 καί
253 1257 419 1327 συντεθὲν
441 1262 574 1342 πρῶτον
597 1258 652 1326 καί
675 1259 824 1344 πέμπτον
845 1256 883 1325 τὸ
907 1264 984 1325 ΑΗ
1002 1262 1116 1327 δευτέ-

100 1386 164 1444 ρου
185 1365 246 1428 τοῦ
270 1369 303 1430 Γ
321 1362 430 1442 ἰσάκις
452 1367 544 1430 ἔσται
567 1363 818 1432 πολλαπλάσιον
840 1364 897 1431 καί
919 1370 1033 1452 τρίτον
1056 1368 1115 1434 καί

100 1468 197 1534 ἕκτον
219 1465 256 1536 τὸ
282 1475 349 1535 ΔΘ
371 1467 530 1554 τετάρτου
551 1472 614 1536 τοῦ
638 1477 674 1537 Ζ.

163 1575 251 1642 Ἐπεὶ
280 1572 344 1661 γάρ
374 1572 482 1654 ἰσάκις
510 1574 579 1643 ἐστὶ
611 1576 862 1647 πολλαπλάσιον
894 1575 931 1645 τὸ
960 1585 1026 1645 ΑΒ
1050 1584 1115 1648 τοῦ

100 1686 132 1748 Γ
150 1680 206 1748 καί
229 1679 266 1748 τὸ
292 1688 361 1748 ΔΕ
380 1685 442 1748 τοῦ
466 1689 509 1767 Ζ,
538 1678 601 1749 ὅσα
629 1679 695 1765 άρα
723 1684 813 1752 ἐστὶν
837 1686 874 1752 ἐν
896 1688 941 1775 τῷ
965 1691 1032 1751 ΑΒ
1056 1693 1114 1753 ἰσα

49 1806 82 1857 15
100 1791 146 1878 τῷ
174 1794 218 1874 Γ,
245 1791 392 1856 τοσαῦτα
424 1787 480 1855 καί
509 1789 547 1857 ἰν
573 1791 618 1881 τῷ
649 1796 720 1856 ΔΕ
750 1797 806 1857 ἰσα
833 1794 878 1881 τῷ
908 1799 944 1860 Ζ.
986 1789 1042 1859 διὰ
1071 1791 1113 1860 τά

100 1889 184 1962 αὐτὰ
208 1891 250 1981 δὴ
270 1895 326 1962 καί
350 1891 414 1964 ὅσα
437 1895 527 1964 ἐστὶν
552 1897 588 1964 ἐν
611 1899 656 1987 τῷ
680 1903 755 1963 ΒΗ
769 1904 825 1964 ἰσα
843 1900 888 1988 τῷ
908 1904 946 1983 Γ,
963 1901 1112 1966 τοσαῦτα

98 2000 154 2068 καί
183 2003 220 2069 ἐν
247 2006 292 2094 τῷ
317 2010 380 2071 ΕΘ
403 2010 460 2070 ἰσα
482 2006 528 2094 τῷ
552 2010 594 2069 Ζ·
624 2000 688 2071 ὅσα
710 2001 777 2091 άρα
800 2003 891 2072 ἐστὶν
914 2005 951 2070 ἐν
975 2002 1042 2094 ὅλῳ
1066 2008 1114 2093 τῷ

99 2113 176 2174 ΑΗ
195 2116 251 2175 ἰσα
274 2112 320 2199 τῷ
339 2115 377 2193 Γ,
396 2111 542 2176 τοσαῦτα
560 2105 617 2173 καί
635 2109 673 2174 ἐν
692 2104 760 2197 ὅλῳ
779 2111 824 2198 τῷ
845 2114 911 2173 ΔΘ
930 2114 986 2172 ἰσα
1004 2113 1050 2197 τῷ
1072 2119 1113 2176 Ζ·

100 2208 308 2280 ὁσαπλάσιον
332 2210 398 2298 άρα
421 2208 551 2279 ἐστίτὸ
575 2218 653 2277 ΑΗ
669 2213 731 2277 τοῦ
754 2216 798 2294 Γ,
820 2210 1112 2283 τοσαυταπλάσιον

48 2338 83 2386 20
103 2321 194 2385 ἔσται
217 2319 272 2384 καί
295 2314 333 2385 τὸ
359 2323 425 2383 ΔΘ
447 2320 508 2384 τοῦ
537 2323 572 2384 Ζ.
609 2315 664 2383 καί
692 2315 856 2384 συντεθὲν
884 2313 950 2403 άρα
977 2321 1113 2406 πρῶτον

99 2422 154 2490 καί
186 2425 335 2509 πέμπτον
366 2420 404 2490 τὸ
432 2429 510 2491 ΑΗ
533 2423 693 2511 δευτέρου
724 2426 785 2492 τοῦ
817 2430 850 2492 Γ
878 2423 988 2504 ἰσάκις
1020 2430 1112 2495 ἔσται

69 2572 72 2577 1
99 2527 350 2599 πολλαπλάσιον
358 2531 413 2599 καί
423 2536 536 2616 τρίτον
546 2530 601 2598 καί
612 2531 708 2598 ἕκτον
717 2528 754 2599 τὸ
767 2539 832 2600 ΔΘ
841 2530 1067 2621 τετάρτοντοῦ
1076 2541 1112 2602 Ζ.

164 2635 245 2705 Ἐάν
268 2636 334 2725 άρα
357 2641 491 2726 πρῶτον
515 2638 675 2724 δευτέρον
694 2636 801 2719 ἰσάκις
819 2628 841 2726 ᾖ
861 2637 1112 2707 πολλαπλάσιον

99 2742 156 2810 καί
191 2749 306 2833 τρίτον
337 2748 511 2833 τετάρτου,
550 2738 572 2835 ᾖ
606 2745 643 2815 δὲ
679 2744 736 2812 καί
772 2746 921 2832 πέμπτον
954 2746 1113 2834 δευτέρου

47 2868 82 2919 25
102 2849 210 2930 ἰσάκις
224 2852 475 2920 πολλαπλάσιον
493 2853 550 2920 καί
569 2854 666 2921 ἕκτον
683 2851 854 2939 τετάρτου,
872 2851 928 2919 καί
949 2851 1113 2919 συντεθὲν

101 2960 235 3045 πρῶτον
258 2959 314 3026 καί
337 2959 487 3045 πέμπτον
510 2961 670 3046 δευτέρου
689 2959 798 3040 ἰσάκις
817 2965 906 3027 ἔσται
926 2957 1114 3026 πολλαπλά-

99 3084 175 3132 σιον
198 3066 253 3132 καί
276 3072 391 3155 τρίτον
414 3065 470 3133 καί
494 3067 592 3134 ἕκτον
613 3065 785 3151 τετάρτου·
810 3063 891 3153 ὅπερ
911 3069 979 3133 ἔδει
998 3067 1112 3147 δεῖξαι.

98 3212 311 3223 ,---.

173 3285 197 3333 6.
217 3277 365 3349 δευτέρον]
381 3295 450 3333 corr.
466 3294 500 3332 ex
513 3275 648 3349 δεύτερον
661 3279 694 3333 V.
761 3284 802 3332 13.
822 3273 896 3332 ἐστίν
915 3279 956 3334 Ρ..
1012 3286 1053 3335 16.
1074 3280 1113 3351 Γ]

99 3367 168 3405 corr.
193 3367 227 3404 ex
250 3356 272 3404 Α
296 3368 332 3404 m.
357 3355 373 3403 2
398 3349 428 3403 F.
504 3355 545 3404 17.
569 3350 638 3420 ΕΘ]
663 3353 751 3414 ΕΒφ.
826 3355 868 3404 18.
893 3351 960 3421 ΔΘ]
987 3365 1056 3405 corr.
1080 3367 1116 3405 ex

99 3425 157 3474 ΑΗ
177 3440 214 3476 m.
241 3432 254 3475 1
280 3421 311 3476 P.
385 3421 418 3492 Z]
438 3437 508 3478 corr.
532 3437 566 3475 ex
586 3425 612 3475 Γ
628 3438 664 3476 m.
686 3418 745 3474 11³.
815 3424 858 3476 19.
877 3414 952 3474 ἐστίν
970 3421 1001 3474 Ρ.
1070 3426 1114 3475 20.

99 3486 130 3542 τὸ
150 3493 261 3560 πρῶτον
279 3493 309 3548 P.
382 3498 424 3546 21.
446 3490 534 3564 ἔσται]
556 3489 626 3547 ἔστω
645 3490 681 3557 Β,
701 3486 759 3544 ἔστι
777 3507 804 3559 p.
