2430 3840
292 187 296 193 ’
363 162 638 214 ELEMENTORUM
655 161 764 212 LIBER
782 162 842 213 VII.
1044 159 1109 224 205

97 306 183 387 dicu,
216 306 317 371 eriam
342 310 407 371 ΛΒ
428 308 470 388 -Ι-
489 308 560 369 ΔΕ
584 325 794 368 numerorum
822 305 854 366 Γ
870 304 910 384 -Ι-
931 306 958 365 Ζ
981 303 1110 367 easdem

98 417 208 495 parles
232 433 319 493 esse,
344 432 425 494 quae
450 411 494 474 sil
516 412 581 472 AB
604 409 731 472 numeri
754 410 790 473 Γ.
1158 492 1160 496 Α

163 540 240 582 nam
277 517 431 601 quoniam
468 535 550 600 quae
588 517 696 597 partes
735 518 785 578 esi
816 517 881 577 AB
913 513 1040 578 numeri
1072 514 1110 595 Γ,

98 624 229 688 eaedem
253 627 303 688 esi
325 628 396 688 ΔΕ
416 622 543 686 numeri
567 625 610 702 Z,
638 624 718 704 quoi
745 623 822 684 sunt
848 619 884 683 in
907 622 972 683 AB
1001 622 1111 703 paries

96 731 223 794 numeri
252 731 292 813 Γ,
320 729 455 794 tolidem
480 729 579 793 eliam
607 729 642 792 in
666 731 735 791 ΛΕ
757 731 832 791 sunt
854 730 963 811 paries
985 725 1113 789 numeri

420 839 456 898 Z.
502 833 667 923 diuidatur
683 837 749 897 AB
764 834 797 898 in
816 836 896 915 ΛΗ,
914 834 982 896 ΗΒ
1002 834 1111 914 paries

418 941 545 1004 numeri
573 942 614 1022 Γ,
638 944 709 1003 ΔΕ
738 943 847 1004 auium
879 939 914 1002 in
943 942 1023 1015 ΔΘ,
1048 940 1113 1001 ΘΕ

193 1101 219 1150 Γ
245 1083 290 1132 -A
418 1048 528 1128 paries
557 1045 685 1109 numeri
712 1049 748 1108 Z.
798 1044 909 1127 itaque
936 1043 1110 1108 multitudo

252 1115 291 1246 l&
338 1143 359 1192 Z
417 1173 627 1215 numerorum
671 1156 706 1214 A
712 1152 759 1233 H,
797 1151 867 1213 ΗΒ
913 1148 1113 1213 multitudini

416 1279 627 1323 numerorum
659 1260 741 1340 ΔΘ,
765 1261 831 1320 ΘΕ
861 1254 1005 1338 aequalis
1042 1254 1113 1318 urii.

416 1367 449 1426 ei
481 1364 635 1448 quoniam
664 1385 746 1447 quae
777 1385 853 1446 pars
883 1364 933 1426 est
955 1363 1032 1425 AH
1053 1382 1112 1424 uu-

99 1469 178 1531 meri
203 1471 245 1553 Γ,
269 1469 380 1534 eadem
404 1474 455 1535 esi
478 1471 576 1535 eiiam
600 1473 668 1535 ΔΘ
689 1470 815 1535 numeri
838 1474 877 1553 Z,
902 1470 979 1531 AH
989 1468 1029 1549 -Ι-
1046 1469 1113 1530 ΛΘ

101 1574 211 1639 eudem
244 1598 319 1660 pars
351 1574 415 1641 erit
443 1598 652 1642 numerorum
680 1580 713 1641 Γ
728 1581 768 1658 -Ι-
791 1581 831 1659 Ζ,
855 1595 936 1659 quae
960 1576 1037 1638 ΛΗ
1054 1595 1113 1636 nu-

99 1681 179 1743 meri
212 1682 245 1745 Γ
277 1684 388 1765 [prop.
421 1681 483 1763 V].
538 1683 648 1748 eadem
686 1683 725 1746 de
758 1703 856 1747 causa
888 1682 987 1744 eiiam
1031 1700 1113 1762 quae

98 1805 175 1866 pars
199 1787 248 1848 esi
272 1789 341 1849 ΗΒ
368 1788 496 1851 numeri
519 1790 559 1870 Γ,
583 1789 695 1852 eadem
722 1808 798 1870 pars
828 1789 878 1849 esi
901 1789 969 1849 ΗΒ
989 1786 1029 1866 -Ι-
1050 1788 1114 1848 ΘΕ

98 1909 307 1952 numerorum
326 1893 358 1954 Γ
370 1892 410 1972 -Ι-
426 1895 462 1954 Ζ.
509 1913 585 1975 ergo
605 1912 687 1974 quae
705 1894 815 1974 partes
835 1894 884 1955 esi
904 1893 969 1953 AB
987 1884 1114 1954 numeri
1134 1872 1137 1878 ¹

100 1997 137 2077 Γ,
158 1993 289 2057 eaedem
307 1999 418 2077 partes
433 2002 509 2060 sunt
527 2000 592 2060 AB
609 1999 649 2076 -Ι-
666 2000 736 2060 ΛΕ
751 2016 959 2060 numerorum
974 1997 1006 2058 Γ
1018 1996 1056 2074 -l-
1074 1998 1114 2076 Ζ,

100 2099 186 2183 quod
211 2102 280 2163 erat
303 2099 598 2166 demonstrandum.

101 1015 141 1185 ,Α

100 1163 149 1211 -Η

92 1196 191 1365 l.-
246 1281 336 1360 r.-

570 2295 642 2360 VH.

167 2417 202 2482 Si
224 2440 377 2483 numerus
400 2420 528 2483 numeri
550 2419 661 2484 eadem
685 2442 761 2503 pars
786 2422 848 2503 esi,
879 2440 960 2504 quae
984 2420 1113 2484 ablatus

101 2545 255 2589 numerus
289 2524 403 2608 abluti,
437 2526 536 2589 etiam
568 2525 713 2609 reliquus
745 2524 861 2608 reliqui
894 2524 1004 2589 eadem
1036 2547 1114 2608 pars

102 2632 179 2714 erit,
203 2651 284 2713 quae
307 2634 398 2696 totus
422 2632 532 2696 iuiiuu

166 2736 254 2801 Nam
281 2758 434 2801 numerus
460 2741 525 2801 AB
557 2739 684 2802 numeri
716 2741 779 2802 ΓΔ
811 2736 922 2802 eudem
954 2738 998 2802 sit
1029 2759 1115 2822 pars,

100 2863 182 2925 quae
217 2842 345 2907 ablatus
376 2865 529 2907 numerus
557 2847 627 2907 ΛΕ
652 2843 755 2908 ablati
781 2846 851 2910 ΓΖ.
901 2845 986 2931 dieo,
1016 2846 1115 2909 eiiam

101 2948 263 3031 reliquum
287 2952 349 3012 ER
372 2949 490 3032 reliqui
514 2953 581 3013 ΖΛ
605 2949 738 3015 eandem
766 2972 837 3016 esse
864 2955 1004 3035 parbem,
1033 2972 1115 3036 quae

100 3055 191 3118 totus
215 3058 281 3118 AB
305 3055 348 3118 sit
371 3055 471 3118 totius
496 3057 567 3118 ΓΔ.

102 3278 157 3330 quo
176 3263 247 3316 haec
265 3278 344 3332 prop.
364 3279 389 3317 a.
408 3280 445 3318 m.
466 3271 480 3318 1
502 3264 561 3320 solo
581 3263 660 3333 signo
676 3286 682 3317 ε
697 3281 765 3319 eva
782 3264 876 3334 priore
890 3265 1029 3334 diremptu
1043 3266 1115 3330 eral3

102 3349 172 3386 corr.
191 3351 229 3388 m.
249 3339 273 3389 2.
356 3341 398 3390 20.
419 3330 451 3405 ὁ]
473 3351 557 3404 supra
574 3352 610 3388 m.
632 3341 646 3388 1
666 3335 696 3389 P.
778 3341 820 3390 21.
841 3332 874 3407 ὁ]
894 3353 977 3405 supra
994 3352 1031 3390 m.
1051 3342 1065 3389 1
1085 3336 1116 3403 Ρ,

102 3419 156 3457 om.
176 3404 207 3459 F.
280 3396 358 3476 ὅλου]
377 3406 408 3460 in
425 3421 479 3462 rus.
498 3405 528 3462 F.
602 3412 644 3461 2³.
663 3405 732 3477 ΑΕ]
752 3412 774 3460 Α
794 3421 863 3461 erun.
882 3405 916 3460 V.
989 3412 1031 3462 24.
1051 3405 1113 3478 naq

101 3472 151 3527 καὶ
170 3468 185 3528 ὃ
204 3474 317 3545 3va.
389 3481 432 3533 25.
452 3470 529 3549 ὅλος]
549 3472 563 3530 ὁ
584 3471 648 3540 ὅλος
667 3477 697 3533 B.
