2430 3840
367 169 642 221 ELEMENTORUM
659 169 768 220 meme
785 171 845 223 vn.
1047 169 1112 234 247

167 335 245 377 nam
268 312 296 376 si
310 315 378 395 ΓΑ,
398 317 463 376 ΑΒ
487 312 572 376 inter
595 333 629 376 se
652 311 749 396 primi
766 333 833 376 non
852 316 936 396 sunt,
959 335 1112 379 numerus

101 419 218 504 aliquis
240 440 392 483 numeros
412 421 481 502 ΓΑ,
500 422 565 481 ΑΒ
588 418 747 482 metietur.
780 418 935 482 mekietur
957 421 990 482 et
1009 418 1052 483 sit
1071 425 1113 484 A.

106 524 113 535 '
167 526 232 589 iam
256 524 411 611 quoniam
435 530 468 587 A
489 545 641 588 numeros
665 526 739 606 ΓΑ,
762 528 827 588 ΑΒ
850 525 991 610 metitur,
1014 525 1114 588 etiam

101 631 262 717 reliquum
289 634 355 696 ΒΓ
378 628 565 716 ωθὲίοὲυτέ)
612 651 724 694 uerum
753 631 852 694 etiam
876 636 943 695 BA
970 631 1112 694 metitur.

99 767 464 860 A—X—*f'
529 742 563 799 A
581 736 681 820 igitur
694 741 769 819 AB,
787 740 854 801 ΒΓ
871 758 1023 801 numeros
1047 758 1113 801 me·

528 842 610 905 titur
663 842 699 906 ui
724 842 810 907 inter
838 864 872 908 se
921 843 996 907 rimi
1024 847 1112 908 sunt·

118 911 260 1003 '7¹
528 892 618 1030 quody
637 865 708 1012 ἐπὶ
735 970 801 1014 non
828 866 945 1032 poegt.
1003 893 1113 1035 itaque

99 1079 252 1124 numeros
272 1060 341 1140 ΓΑ,
360 1059 425 1118 ΑΒ
452 1053 561 1117 nullus
584 1075 736 1118 numerus
759 1054 899 1121 metitur.
947 1076 1025 1141 ergo
1044 1060 1113 1142 ΓΑ,

99 1170 165 1229 ΑΒ
188 1166 275 1228 inter
292 1184 326 1227 ee
347 1160 445 1243 primi
468 1162 553 1224 eunte
601 1160 712 1224 eadem
735 1159 774 1224 de
797 1181 895 1225 cause
918 1161 1017 1227 etiam
1040 1168 1114 1248 ΑΓ,

100 1275 157 1335 ΓΒ
181 1271 267 1333 inter
290 1288 324 1331 ee
347 1265 445 1350 primi
469 1268 554 1330 sunt.
569 1255 583 1281 Χ
601 1267 660 1328 ΓΑ
683 1266 785 1350 igitur
808 1267 849 1331 ad
867 1269 1026 1334 utrumuis
1047 1273 1113 1334 AB

99 1378 167 1439 ΒΓ
184 1374 306 1459 primus
330 1376 390 1438 est.
468 1425 473 1431 .

165 1482 231 1545 iam
249 1501 359 1544 rursus
374 1482 443 1562 ΓΑ,
458 1481 522 1543 ΑΒ
539 1479 623 1544 ἰηὺθτ
642 1501 676 1544 se
694 1479 791 1564 primi
811 1481 890 1567 eint5
909 1482 991 1568 dieo,
1009 1486 1109 1550 etiam

97 1595 129 1653 A
135 1593 173 1674 B,
195 1591 262 1653 ΒΓ
279 1587 366 1652 inter
388 1608 423 1651 se
445 1587 568 1670 primos
593 1607 671 1651 esse.

163 1716 240 1761 nam
264 1695 293 1758 si
309 1696 383 1777 AB,
406 1696 472 1757 ΒΓ
491 1693 576 1757 inter
595 1714 629 1757 se
647 1693 745 1776 primi
762 1716 829 1760 non
848 1698 935 1780 sunt,
956 1718 1110 1762 numerus

98 1801 215 1883 aliquis
239 1820 294 1863 eos
318 1799 477 1863 metietur.
518 1799 671 1863 metiatur
694 1802 727 1862 et
750 1799 793 1863 sit
816 1805 858 1864 A.
900 1804 934 1865 et
956 1804 1110 1885 quoniam

99 1912 131 1968 A
154 1907 328 1984 utrumque
352 1907 432 1985 AB,
455 1905 521 1966 ΒΓ
539 1902 686 1985 metitur,
712 1902 810 1967 etiem
832 1907 940 1968 totum
962 1909 1023 1971 ΓΑ
1045 1929 1112 1971 me-

96 2007 233 2094 tiessurff)
266 2024 380 2074 uerum
402 2007 501 2072 etiam
522 2010 588 2072 ΑΒ
612 2007 754 2072 metitur.
786 2013 819 2072 A
837 2009 939 2093 igitur
958 2014 1028 2095 PA,
1048 2015 1113 2076 AB

97 2117 239 2199 metitur,
259 2115 314 2199 qui
333 2113 430 2199 primi
450 2117 526 2178 sunt
545 2114 631 2178 inter
651 2135 699 2197 se3
723 2113 809 2198 quod
825 2114 896 2178 fieri
911 2137 978 2181 non
996 2120 1114 2202 potest.

99 2224 209 2307 itaque
241 2241 394 2285 numeros
426 2223 505 2304 AB,
535 2222 602 2283 ΒΓ
629 2219 737 2284 nullus
769 2241 922 2286 numerus
953 2223 1114 2288 metietur.

99 2351 178 2415 ergo
198 2332 274 2412 AB,
297 2330 363 2392 ΒΓ
381 2327 467 2391 inter
491 2347 525 2391 ee
547 2325 645 2410 primi
668 2330 757 2409 sunt3
782 2328 867 2410 quod
890 2332 961 2393 eret
984 2329 1114 2394 demon-

98 2436 277 2501 skrandum.

547 2554 665 2621 XXIX.

167 2683 280 2759 Quiuis
295 2702 448 2746 numerus
462 2681 587 2765 primus
603 2679 643 2744 ad
658 2679 806 2764 quemuis
820 2701 999 2766 numerum,
1018 2704 1114 2767 quem

97 2813 165 2855 non
187 2790 329 2873 metitur,
352 2787 476 2872 primus
500 2789 559 2852 este

170 3002 197 3069 1)
216 3000 314 3068 Neque
340 2998 407 3066 hoe,
434 3013 526 3065 neque
549 3013 605 3064 quo
632 2995 680 3052 lin.
706 3001 739 3050 17
762 2995 864 3065 utitur,
892 3013 1011 3065 usquam
1036 2995 1113 3068 apud

100 3071 247 3126 Euclidem
276 3070 500 3124 demonstratum
525 3070 581 3133 eet3
613 3083 663 3137 pro
692 3066 840 3123 axiomatis
862 3083 896 3122 ee
923 3068 1030 3123 hebuit.
1064 3067 1113 3124 cfr.

100 3141 213 3197 Clavius
231 3141 303 3210 Hp.
325 3145 357 3194 12
376 3158 418 3194 nr.
439 3139 464 3192 X
483 3141 512 3193 et
529 3136 590 3191 XII.

100 3379 143 3427 23.
163 3368 210 3426 λα’
230 3371 349 3440 ΒΓρφ,
368 3371 390 3425 Ρ
409 3389 446 3424 m.
464 3387 519 3425 ree.
575 3375 618 3424 24.
637 3362 763 3438 ἅπαντα]
783 3383 839 3436 seq.
858 3365 960 3421 lacuna
978 3373 994 3421 6
1009 3365 1064 3422 litt.
1079 3367 1116 3426 V.
1135 3334 1138 3337 Ι

99 3448 143 3498 25.
162 3435 245 3498 ὅν-
262 3437 353 3512 ἐστιν]
372 3441 402 3496 in
420 3459 475 3497 rae.
495 3459 531 3495 m.
552 3446 566 3493 1
586 3457 614 3510 p.
651 3438 737 3511 μετρῇ
756 3438 791 3506 Ρ,
811 3453 880 3493 corr.
899 3454 936 3491 m.
955 3453 1011 3493 rec.
