2430 3840
362 196 638 249 ELEMENTORUM
656 199 764 250 LIBER
782 200 814 250 V.
1070 198 1108 262 11

98 343 198 427 plicas
235 344 325 425 sunt,
362 344 395 405 et
431 341 546 424 quinta
588 341 746 406 secundae
787 344 940 426 sextaque
977 345 1111 425 quartae

98 469 200 534 aeque
223 446 432 532 multiplices,
459 447 559 511 etiam
581 447 688 530 prima
710 447 887 532 quintaque
910 449 1110 533 compositae

99 555 258 621 secundae
282 557 315 618 et
337 553 436 618 tertia
458 555 613 637 sextaque
631 553 831 637 compositae
851 557 986 637 quartae
1010 575 1111 639 aeque

98 650 294 744 multiplices
318 662 423 724 erunt

163 789 240 832 nam
264 767 371 851 prima
395 769 460 831 AB
484 765 642 831 secundae
661 767 694 830 Γ
707 768 740 829 et
762 764 862 830 tertia
884 769 955 831 ΔΕ
976 768 1111 850 quartae

98 877 126 938 Z
150 864 252 957 aeque
281 871 477 956 multiplices
509 871 590 956 sint,
616 874 650 936 et
672 869 788 955 quinta
810 875 884 936 BH
903 871 1060 938 secundae
1083 873 1116 936 Γ

294 1014 315 1062 13
402 1013 432 1062 H
632 981 787 1061 sextaque
819 981 882 1041 ΕΘ
915 982 1049 1062 quartae
1082 982 1111 1043 Z

95 1069 415 1118 ²⁹¹-2-l-'—²‘¹
631 1102 732 1165 aeque
783 1082 980 1164 multiplices
1035 1085 1111 1148 sint.

99 1193 189 1245 P=-—=
631 1187 712 1272 dice,
735 1187 833 1252 etiam
856 1187 996 1270 primam
1019 1189 1112 1273 quin·

404 1330 428 1380 E
591 1296 760 1380 gtamque
775 1293 972 1378 compositas
983 1298 1058 1359 AH
1062 1315 1112 1359 se·

341 1390 344 1395 ¹
419 1397 605 1434 *μ’*
628 1401 751 1468 eundae
774 1404 806 1466 Γ
824 1404 858 1465 et
881 1400 1012 1466 tertiam
1041 1422 1110 1466 sex·

628 1511 760 1592 tamque
801 1508 999 1594 compositas
1044 1513 1112 1587 ΔΘ

97 1619 232 1701 quartae
255 1619 283 1678 Z
306 1636 408 1700 aeque
432 1614 626 1698 multiplices
650 1635 731 1680 esse.
788 1623 793 1631 ‘

162 1745 238 1787 nam
261 1721 414 1808 quoniam
436 1724 502 1784 AB
523 1719 761 1807 magnitudinis
785 1722 818 1785 Γ
835 1725 869 1786 et
893 1726 926 1785 A
933 1725 966 1786 E
985 1721 1111 1806 magni·

96 1828 220 1892 tudinis
249 1832 277 1891 Z
301 1848 402 1910 aeque
431 1826 627 1910 multiplices
656 1829 744 1909 sunt,
776 1830 858 1910 quot
885 1830 962 1892 sunt
989 1828 1024 1892 in
1046 1832 1111 1892 AB

100 1932 317 2016 magnitudini
335 1934 367 1994 Γ
382 1931 545 2014 aequales,
563 1934 616 1996 tct
634 1932 734 1996 etiam
752 1932 787 1996 in
809 1936 878 1996 ΔΕ
891 1936 968 1997 sunt
985 1934 1113 2018 magniss

97 2035 203 2102 tudini
223 2039 250 2099 Z
272 2036 434 2120 aequales.
472 2035 584 2099 eadem
608 2036 646 2100 de
669 2057 768 2100 causa
790 2037 903 2120 etiam,
932 2039 1013 2121 quot
1036 2041 1113 2101 sunt

99 2145 134 2208 in
165 2146 237 2209 tota
264 2146 339 2207 ΒΗ
360 2140 578 2227 magnitudini
605 2144 638 2207 Γ
663 2141 828 2228 aequales,
860 2145 912 2207 tot
945 2141 1043 2207 etiam
1075 2143 1110 2207 in

101 2253 164 2314 ΕΘ
196 2253 273 2314 sunt
299 2247 519 2334 magnitudini
543 2251 570 2312 Z
598 2250 755 2335 aequales.
793 2271 893 2334 quare
921 2252 1002 2334 quot
1035 2254 1111 2315 sunt

97 2357 132 2420 in
160 2359 231 2421 tota
259 2358 337 2420 ΑΗ
361 2354 579 2440 magnitudini
602 2357 635 2420 Γ
659 2357 821 2441 aequales,
847 2355 984 2421 totidem
1012 2357 1110 2422 etiam

100 2462 135 2526 in
166 2465 237 2527 tcta
269 2466 338 2526 ΔΘ
373 2465 450 2526 sunt
478 2461 697 2546 magnitudini
729 2466 756 2525 Z
794 2460 954 2545 aequales.
999 2460 1110 2544 itaq'ue

97 2567 225 2652 quoties
244 2566 415 2651 multiplex
430 2570 480 2632 est
494 2573 526 2633 A
531 2571 571 2632 H
581 2566 814 2653 magnitudinis
829 2569 867 2649 Γ,
882 2565 983 2630 toties
1002 2566 1110 2631 multi·

97 2674 171 2758 pler
204 2675 266 2738 erit
299 2674 397 2739 etiam
426 2677 492 2737 ΔΘ
524 2672 757 2759 magnitudinis
791 2674 827 2736 Z.
868 2670 978 2756 itaque
1010 2671 1110 2737 etiam

97 2780 205 2864 prima
231 2784 265 2844 et
298 2779 412 2865 quinta
439 2778 637 2862 compositae
665 2780 741 2841 ΑΗ
764 2777 922 2842 secundae
954 2778 987 2841 Γ
1009 2799 1112 2863 aeque

96 2885 294 2969 multiplices
323 2889 418 2949 erunt
447 2905 485 2948 ac
511 2883 609 2948 tertia
638 2885 792 2969 sextaque
817 2889 850 2947 A
857 2887 886 2948 Θ
912 2887 1047 2968 quartae
1075 2889 1112 2950 Ζ.

163 2989 253 3076 Ergo
285 2991 313 3054 si
340 2991 447 3074 prima
475 2989 632 3055 secundae
665 2993 698 3054 et
724 2989 823 3054 tertia
847 2993 981 3075 quartae
1009 3012 1111 3076 aeque

97 3097 296 3180 multiplices
315 3101 401 3181 sunt,
420 3100 453 3161 et
473 3097 591 3182 quinta
615 3097 772 3162 secundae
798 3098 953 3181 sextaque
976 3100 1111 3182 quartae

97 3224 198 3288 aeque
221 3203 433 3287 multiplices,
463 3203 561 3267 etiam
584 3203 690 3287 prima
713 3202 887 3287 quintaque
911 3202 1111 3286 compositae

96 3310 255 3376 secundae
279 3312 312 3373 et
334 3309 432 3374 tertia
456 3312 609 3392 sextaque
633 3308 832 3392 compositae
853 3313 987 3393 quartae
1011 3328 1112 3391 aeque

98 3415 296 3500 multiplices
320 3419 429 3500 erunt3
454 3415 539 3500 quod
563 3418 634 3480 erat
656 3415 951 3480 demonstrandum.
