2430 3840
345 152 621 204 ananmuuoaun
638 140 748 202 amaa
766 152 811 203 ΓΙ.
1049 149 1111 215 177

329 325 333 335 ·
445 297 543 360 lateri
575 297 650 378 ΔΓ,
676 296 745 358 ΑΓ
775 299 883 358 autem
915 296 1011 359 lateri
1045 301 1115 360 ΑΒ

195 418 199 423 ·
358 441 363 455 ·
390 363 418 421 Δ
446 401 648 486 parallelum.
678 401 988 484 diquI'etPEin
999 401 1111 467 eadem

206 510 247 566 Α
446 512 535 572 recta
558 527 638 573 esse.

134 431 403 789 M
513 635 590 677 nam
624 612 777 694 quoniam
806 619 872 679 AB
904 618 1011 679 rectae
1045 617 1116 680 ΔΓ

446 718 604 803 parallela
628 720 687 800 est,
710 723 743 783 et
765 720 799 785 in
818 744 872 786 eas
891 721 1005 787 incidit
1022 724 1113 786 reeta

105 794 141 850 B
183 794 220 848 Γ
353 801 392 881 Ε
447 829 527 903 ΑΓ,
565 823 684 892 alterni
720 829 832 913 anguli
869 832 980 914 ΒΑΓ,
1012 829 1114 892 ΑΓΑ
1168 805 1170 810 ’

97 935 248 1022 aequales
273 939 348 1000 sunt
372 934 410 1019 [1,
428 936 495 1017 29].
541 934 652 1002 eadem
676 933 714 999 de
738 958 836 1000 eausa
860 937 956 1000 etiam

142 1044 277 1117 ΑΓΔΒ
290 1071 331 1093 Ι---
346 1044 458 1105 ΑΓΔ.
505 1063 604 1124 quare
628 1043 727 1106 etiam
750 1047 771 1116 L
785 1043 890 1105 ΒΑΓ
900 1070 943 1092 --
957 1043 1062 1103 ΓΔΕ.

99 1153 131 1212 et
164 1145 318 1230 quoniam
351 1146 414 1209 duo
446 1146 604 1231 trianguli
634 1152 710 1212 sunt
746 1149 853 1229 ΑΒΓ,
883 1149 985 1211 ΔΓΕ
1014 1168 1114 1209 unum

101 1253 264 1336 angulum,
289 1251 344 1334 qui
368 1251 408 1314 ad
431 1257 464 1315 Α
485 1253 612 1336 positus
636 1257 694 1338 est,
719 1255 776 1319 uni
796 1253 925 1338 angula,
948 1253 1004 1336 qui
1024 1253 1064 1316 ad
1084 1257 1116 1316 Α

98 1357 224 1441 positus
258 1359 320 1439 est,
358 1359 525 1441 aequalem
562 1359 719 1426 habentes
753 1366 786 1426 et
822 1362 924 1426 latera
961 1359 1136 1448 aequales¹

101 1464 239 1548 angulos
262 1465 570 1547 comprehendentia
595 1468 866 1552 proportionalia,

263 1575 486 1638 BA2AF=
502 1577 586 1638 I'A:
603 1578 684 1659 ΔΕ,
708 1575 769 1638 erit
791 1572 828 1642 Δ
850 1576 954 1638 ΑΒΓ

97 1676 265 1761 triangulo
290 1680 393 1742 ΑΓΕ
413 1680 650 1764 aequiangulus
676 1682 781 1763 [prop.
800 1678 871 1759 VI].
918 1699 1016 1761 quare

441 1788 638 1859 LABF=
653 1787 764 1849 ΔΓΕ.

100 1887 155 1950 sed
183 1887 438 1953 demonstratum
458 1878 529 1973 eat,
561 1910 632 1954 esse
662 1891 760 1953 etiam
788 1891 928 1965 [ΑΓΔ
949 1919 989 1941 --
1009 1893 1117 1955 ΒΑΓ.

100 2014 200 2076 quare
238 1993 300 2057 erit
336 2000 358 2069 L
385 1997 488 2064 ΑΓΒ
510 2023 551 2047 =
575 1997 740 2077 ΑΒΗ·
769 1998 879 2082 ΒΑΓιῖ
936 1996 1116 2061 eommunis

100 2099 269 2164 adiicietur
292 2103 439 2175 ΑΑΓΒ.
486 2101 595 2184 itaque

168 2243 173 2252 ·
211 2209 313 2271 ΑΓΒ
326 2209 366 2289 -Ι-
382 2210 481 2301 ΑΓΒ
497 2239 538 2260 ==
553 2210 656 2272 ΒΑΓ
668 2210 707 2289 -l-
724 2211 823 2273 ΑΓΒ
838 2210 879 2289 -Ι-
895 2210 1001 2274 ΓΒΑ.

99 2335 212 2378 uerum
235 2316 339 2379 ΒΑΓ
351 2318 391 2393 -l-
404 2321 437 2378 Α
441 2317 510 2379 ΒΓ
521 2317 561 2396 -l-
577 2317 675 2380 ΑΓΒ
699 2314 824 2380 duobus
847 2315 943 2379 reotis
965 2317 1116 2399 aequales

101 2423 184 2483 sunt.
223 2441 321 2503 quare
342 2419 440 2485 etiam
459 2426 492 2485 Α
498 2424 564 2486 ΓΕ
575 2419 619 2504 -Ι-
632 2423 733 2485 ΑΓΒ
749 2421 872 2486 duobus
887 2423 984 2485 rectis
1000 2443 1117 2504 aequa·

100 2525 148 2589 les
178 2530 262 2590 sunt.
308 2526 417 2610 itaque
446 2526 486 2592 ad
514 2533 637 2593 rectam
665 2530 734 2592 ΑΓ
754 2531 787 2592 et
814 2530 972 2612 punctum
996 2528 1064 2590 eius
1089 2530 1122 2591 Γ

100 2631 181 2696 duae
211 2636 317 2698 rectae
340 2636 410 2713 ΒΓ,
430 2636 495 2697 ΓΕ
514 2655 581 2698 non
610 2635 650 2698 ad
674 2633 808 2698 eandem
836 2637 964 2718 partem
991 2633 1117 2717 positae

100 2739 235 2822 angulos
264 2739 413 2822 deinceps
447 2741 572 2823 positos
600 2741 712 2824 ΑΓΕ,
736 2741 835 2803 ΑΓΒ
863 2739 988 2804 duobus
1021 2740 1118 2804 rectis

100 2845 251 2928 aequales
280 2845 437 2928 effioiunt3
465 2846 575 2930 itaque
603 2849 670 2911 ΒΓ
689 2851 721 2910 et
745 2849 809 2911 ΓΒ
829 2848 864 2911 in
887 2846 999 2910 eadem
1027 2849 1118 2911 reeta

101 2955 176 3016 sunt
202 2951 328 3035 [1‚14].

166 3055 256 3142 Ergo
280 3060 308 3124 si
332 3059 394 3123 duo
417 3059 577 3142 trianguli
600 3060 663 3123 duo
687 3059 792 3123 latera
811 3058 936 3123 duobus
960 3058 1118 3123 lateribus

100 3337 137 3403 P;
162 3333 311 3405 ΒἈΤΒ;
336 3342 409 3392 ΓΑΒ
428 3337 516 3407 va.
590 3338 686 3408 ΑΓΒ]
710 3341 793 3390 ΑΒΓ
814 3338 843 3392 Β.
918 3337 1012 3408 ΓΒΑ]
1034 3353 1119 3407 supra

104 3423 155 3461 ser.
175 3409 211 3473 F;
231 3413 311 3463 ΑΓΒ
330 3409 360 3463 P.
436 3415 476 3463 18.
497 3405 559 3464 ἀλλ’
580 3405 613 3463 αἱ
626 3415 720 3462 -19ε
741 3406 811 3463 εἰσίν
845 3425 898 3462 om.
917 3408 947 3464 P.
1020 3412 1104 3462 ΑΒΓ

102 3482 181 3532 ΑΓΒ
199 3480 233 3535 v.
306 3480 402 3551 ΑΓΒ]
425 3484 503 3537 ΓΒΑ
523 3481 555 3535 V.
630 3486 671 3534 19.
692 3478 788 3536 aloen
823 3498 854 3550 p.
925 3476 1143 3532 ausae.

153 3575 307 3631 Euclides,
323 3578 372 3620 edd.
387 3578 492 3634 Heiberg
506 3584 530 3624 et
543 3581 636 3634 Menae.
662 3583 699 3625 n.
928 3571 971 3618 l‘l*
