2430 3840
374 169 649 220 ELEMENTORUM
666 170 775 220 mez
792 171 854 222 vn.
1058 170 1123 235 195

107 311 256 393 mebitur,
287 311 385 375 obiam
413 314 452 374 H
471 311 605 375 met'tur
629 314 701 377 ΒΕ.
746 334 860 377 uerum
889 312 988 377 etiam
1015 316 1122 379 totum

106 420 172 479 BA
202 417 343 480 metitur.
400 438 499 501 quare
533 416 632 481 etiam
664 417 824 500 reliquum
856 421 926 481 ΑΕ
961 419 1122 486 metietur.

109 521 164 586 sed
188 526 257 585 ΑΕ
277 521 411 586 metitur
434 527 468 585 A
474 526 509 586 Z.
557 544 655 606 quare
684 523 784 587 etiam
807 526 846 586 H
869 522 1023 588 metietur
1046 529 1122 591 AZ.

105 651 219 693 uerum
248 628 347 692 etiam
375 631 481 691 totum
513 631 584 692 ΔΓ
605 629 748 693 metitur.
793 649 893 712 quare
921 629 1019 693 etiam
1048 630 1120 694 reli·

105 756 205 818 quum
234 735 294 797 ΓΖ
322 733 476 797 metietur
503 735 607 799 maior
635 735 806 820 minorem3
837 734 923 819 quod
952 733 1024 798 fieri
1054 757 1122 800 non

104 842 224 923 potem.
266 859 343 923 ergo
362 860 515 904 numeros
534 844 610 919 AB,
629 843 691 905 ΓΔ
709 863 776 905 non
795 841 948 904 messietur
965 862 1120 905 numerus

104 946 207 1011 maior
229 965 364 1009 numero
387 946 456 1009 ΓΖ.
504 965 581 1030 ergo
605 948 667 1009 ΓΖ
693 946 836 1009 maxima
865 949 914 1009 em
937 947 1118 1012 communis

104 1073 256 1116 mensura
280 1044 486 1114 nummorum
509 1055 587 1134 AB,
608 1053 678 1115 ΓΔ.

472 1261 745 1328 corollarium.

171 1383 257 1451 Hine
284 1387 493 1452 manifestum
522 1390 584 1471 est,
617 1387 645 1451 si
671 1407 824 1450 numerus
853 1384 933 1450 duos
965 1407 1118 1452 numeros

105 1491 270 1575 metiatur,
312 1514 385 1558 eum
425 1495 523 1559 etiam
566 1494 741 1557 maximam
779 1514 890 1558 eorum
932 1513 1118 1558 mensuram

101 1616 304 1663 communem
337 1622 524 1665 mensurum
558 1597 665 1685 ἤθει)
697 1636 734 1646 —
766 1599 853 1682 quod
886 1602 955 1662 erat
987 1600 1117 1664 demon-

102 1703 278 1769 strandum.

579 1825 638 1890 III.

167 1946 262 2011 Datis
281 1949 384 2015 tribus
403 1949 547 2014 numeris
566 1971 634 2015 non
650 1948 765 2033 primis
785 1949 871 2012 inter
890 1969 923 2012 se
943 1949 1117 2014 maximam

103 2074 290 2117 mensuram
314 2076 518 2120 communem
541 2054 697 2120 inuenire.

623 2157 697 2225 sint
719 2155 786 2225 {res
809 2161 937 2226 numeri
957 2159 1025 2226 dati
1047 2182 1115 2226 non

555 2267 651 2352 primi
665 2267 751 2331 inter
766 2288 800 2330 se
814 2273 857 2348 A,
871 2270 910 2351 B,
924 2270 962 2332 Γ.
985 2271 1116 2352 oportet

472 2424 490 2430 -
553 2372 654 2459 igitur
694 2393 901 2437 numerorum
938 2378 987 2455 A,
1015 2377 1058 2457 B,
1087 2377 1119 2436 Γ

492 2515 513 2565 Ζ
554 2479 728 2542 maximam
761 2499 944 2542 mensuram
973 2499 1115 2542 eommu-

552 2606 627 2648 nem
650 2583 807 2648 inuenire.

164 2695 310 2755 sumatur
338 2693 424 2756 enim
449 2691 584 2756 duorum
607 2711 815 2754 numerorum
844 2695 890 2772 A,
914 2693 943 2753 Β
973 2687 1114 2754 maxima

97 2817 248 2861 mensura
271 2797 450 2862 communis
475 2801 508 2860 A
533 2798 637 2881 [prop.
656 2793 712 2876 ΙΙ].
758 2801 792 2859 Δ
816 2795 918 2879 igitur
940 2798 998 2858 aut
1019 2796 1114 2860 meti-

95 2903 149 2964 tur
186 2905 218 2965 Γ
252 2907 307 2968 aut
338 2924 405 2967 non
436 2902 580 2967 metitur.
634 2900 724 2985 prius
759 2901 923 2966 metiatur.
979 2901 1113 2964 metitur

96 3011 205 3070 autem
231 3009 331 3073 etiam
355 3014 396 3092 A,
415 3012 453 3073 Β.
496 3014 530 3072 Δ
553 3007 655 3092 igitur
676 3028 830 3072 numeros
854 3012 896 3091 A,
914 3010 952 3090 B,
971 3009 1003 3070 Γ
1021 3006 1112 3070 meti·

169 3237 194 3302 1)
213 3233 286 3287 Nam
311 3239 341 3288 H
362 3237 391 3288 et
414 3238 479 3304 AB,
504 3238 555 3288 ΓΔ
578 3235 608 3288 et
632 3249 807 3289 communem
835 3236 931 3288 'eorum
953 3247 1112 3286 mensuram

95 3304 248 3358 maximam
269 3308 321 3359 ΓΖ
339 3305 455 3361 metitur
473 3308 511 3375 (p.
533 3311 597 3372 194,
617 3306 652 3374 5).
