2430 3840
359 136 632 191 muuaurorruu
649 139 758 191 amaa
776 140 822 193 vr.
1046 138 1108 203 157

93 281 157 346 alii
188 281 312 366 figurae
345 280 440 347 datae
475 286 508 345 Δ
536 281 681 365 aequalia
710 280 821 347 eadem
849 285 1034 347 constructa
1062 285 1112 348 est

96 387 207 472 figura
229 388 305 452 ΚΗ
309 389 349 471 Θ;
374 387 460 472 quod
484 386 657 470 oportebat
678 387 759 452 fieri.

543 543 663 610 XXVI.

170 649 205 716 si
229 673 248 716 a
270 650 575 736 parallelogramma
600 650 746 716 aufertur
767 651 1111 736 parallelogrammum

98 757 165 822 toti
193 757 298 822 simile
323 759 355 820 et
384 755 533 821 similiter
559 757 701 840 positum
725 761 758 822 et
780 779 984 824 communem
1008 777 1111 843 angu-

99 863 169 928 lum
196 862 335 946 habens,
363 862 483 926 circum
511 860 645 927 eandem
673 863 866 929 diametrum
894 865 1037 950 positum
1061 867 1111 931 est

99 989 138 1033 ac
161 971 275 1034 totum.

165 1071 252 1139 Nam
272 1094 292 1137 a
309 1072 616 1156 parallelogrammo
635 1074 769 1137 ΑΒΓΔ
789 1060 955 1137 auferatur
972 1072 1110 1157 paralle-

101 1180 321 1264 logrammum
349 1182 413 1242 ΑΖ
447 1177 552 1244 simile
583 1177 890 1264 parallelogrammo
919 1180 1051 1243 ΑΒΓΔ
1079 1182 1112 1243 et

97 1285 250 1351 similiter
267 1285 409 1369 positum
425 1288 458 1349 et
471 1306 675 1351 communem
691 1284 817 1350 habeus
832 1284 987 1371 angulum
1002 1287 1111 1349 ΔΑΒ.

101 1391 187 1477 dico,
216 1394 348 1456 ΑΒΓΔ
376 1394 409 1456 et
431 1397 495 1456 ΑΖ
523 1393 644 1459 circum
673 1393 807 1458 eandem
831 1391 1025 1458 diametrum
1054 1415 1111 1477 po·

99 1496 164 1562 sita
188 1518 267 1562 ease.

169 1597 172 1603 '
697 1608 737 1653 ne
765 1587 831 1651 sint
856 1587 955 1672 enim,
987 1587 1057 1671 sed,
1081 1589 1109 1651 si

542 1664 581 1732 Δ
630 1680 701 1756 fieri
720 1696 846 1776 potest,
870 1693 1045 1758 diametrus
1070 1693 1113 1757 ait

632 1800 665 1859 A
671 1794 768 1879 orff)
815 1799 849 1858 et
868 1798 1024 1879 producta
1044 1801 1112 1862 ΗΖ

565 1884 568 1887 ’
633 1899 673 1962 ad
703 1901 732 1960 Θ
759 1897 960 1983 educatust),
993 1904 1026 1963 et
1055 1923 1113 1983 per

634 2006 663 2067 Θ
681 2003 808 2086 utrique
831 2008 911 2088 ΑΔ,
929 2005 1113 2089 BI'paral-

632 2110 697 2176 lela
728 2110 864 2175 ducatur
896 2113 965 2176 ΘΚ
999 2109 1042 2196 [1,
1070 2110 1111 2176 31

463 2169 503 2232 Γ
634 2219 681 2281 et·
707 2215 782 2296 30].
846 2217 912 2281 iam
960 2218 1114 2301 quoniam

99 2324 233 2386 ΑΒΓΔ
261 2323 294 2385 et
320 2322 397 2384 KH
420 2320 542 2386 circum
569 2322 703 2387 eandem
732 2321 925 2388 diametrum
949 2327 1025 2388 sunt
1056 2344 1114 2406 po-

98 2428 176 2511 sita,
218 2427 279 2491 erit
316 2430 386 2490 ΔΑ
408 2449 416 2489 :
438 2430 504 2491 AB
529 2455 571 2479 =
595 2429 666 2492 HA
689 2451 697 2493 r
720 2424 835 2513 Am)
890 2428 946 2493 sed
981 2433 1115 2512 propter

98 2531 343 2598 similitudinem
380 2532 759 2619 parallelogrammorum
792 2536 939 2618 ΑΒΓΔ,
961 2537 1034 2597 ΕΗ
1053 2534 1115 2599 erit

98 2639 198 2703 etiam
223 2637 305 2718 [def.
331 2639 369 2718 l]
395 2643 461 2703 ΔΑ
475 2662 483 2703 :
501 2641 569 2703 AB
585 2668 626 2692 ==
640 2643 734 2703 HA:
750 2642 828 2703 ΑΕ.
877 2639 987 2723 itaque
1014 2640 1115 2705 etiam

172 2777 198 2844 1)
216 2774 321 2829 Debuit
348 2775 389 2830 ita
411 2776 517 2831 dicere:
545 2781 611 2831 ntem
639 2775 664 2830 ai
686 2780 768 2831 ΑΖΓ
790 2776 942 2832 diametrus
964 2778 1115 2848 parallelo·
1132 2739 1159 2746 Α

98 2845 219 2917 grammi
242 2850 300 2900 ΑΓ
321 2862 378 2900 non
396 2849 452 2915 est,
471 2845 510 2902 eit
527 2848 618 2901 ΑΘΓ.
656 2847 785 2917 adparet,
810 2843 905 2904 αὐτῶν
928 2848 977 2905 lin.
997 2850 1115 2906 referri

99 2933 158 3004 npn
175 2933 268 3000 posse,
288 2917 338 2971 ced
354 2917 452 2973 malim
471 2934 535 2973 cum
553 2917 607 2972 FV
626 2917 718 2974 delere
737 2936 821 2988 quam
844 2937 907 2975 cum
924 2918 964 2976 Pe
1030 2921 1066 2976 do
1084 2921 1114 2975 in

100 3007 189 3041 carco
217 2987 370 3057 corrigere3
400 2989 540 3058 glossema
568 2989 667 3057 sponte
696 2989 726 3045 et
752 2990 782 3044 in
808 2990 831 3044 P
855 2992 885 3046 et
911 2991 941 3044 in
1007 2992 1113 3047 eoninia

98 3057 240 3112 nonnullis
259 3064 351 3113 ortum
370 3075 431 3114 ease
450 3061 553 3129 potest.

171 3131 198 3198 2)
217 3127 313 3183 Uerba
331 3129 380 3183 καὶ
399 3125 571 3201 ἐκβληθεῖσα
587 3129 641 3184 cet.
659 3129 708 3185 lin.
725 3136 828 3187 14-15
848 3149 902 3188 om.
921 3131 1028 3200 Theon,
1048 3133 1115 3202 quia

100 3196 132 3252 in
156 3199 246 3268 figura
269 3199 350 3255 codd.
376 3202 552 3270 permutatae
579 3201 644 3254 cunt
666 3200 779 3256 litterae
798 3203 837 3274 E,
857 3207 878 3256 z
897 3203 925 3258 et
943 3207 983 3273 K,
1003 3205 1040 3269 Θ;
1065 3202 1113 3270 cfr,

99 3270 127 3338 p'.
158 3273 223 3338 158,
251 3275 275 3325 3.
323 3286 375 3340 ego
410 3287 473 3325 cum
505 3271 633 3340 Augusto
658 3270 703 3324 hia
730 3272 824 3327 uerbis
848 3273 966 3328 retentis
994 3287 1115 3328 errorem

98 3355 124 3422 p.
147 3345 246 3464 ἔξω
265 3342 295 3465 pt
313 3341 432 3409 figuram
450 3341 589 3413 corrigere
607 3341 702 3396 malui.
740 3340 876 3413 Campani
893 3343 984 3413 figura
1001 3345 1113 3398 nostrae

98 3427 152 3464 erm
186 3426 217 3465 or
235 3425 265 3464 es

169 3482 196 3550 3)
215 3481 289 3536 Nam
309 3481 413 3537 similia
432 3487 497 3539 aunt
515 3488 605 3556 (prop.
626 3485 688 3556 2th
704 3485 770 3540 tum
783 3503 817 3542 u.
833 3485 895 3542 uer.
911 3490 943 3538 1.
