2430 3840
595 549 637 622 ε’.

551 714 668 805 Ὅροι.

178 839 221 907 α’.
245 841 380 929 Μέρος
403 841 472 909 ἐστὶ
496 841 639 928 μέγεθος
657 843 822 928 μεγέθους
840 840 878 912 τὸ
899 849 1041 912 ἔλασσον
1059 849 1123 912 τοῦ

110 952 277 1035 μείζονος,
301 944 383 1016 ὅταν
406 951 592 1037 καταμετρῇ
615 946 653 1017 τὸ
678 955 799 1035 μεῖζον.

176 1054 221 1141 β’.
244 1055 555 1125 Πολλαπλάσιον
585 1055 622 1124 δὲ
645 1052 682 1124 τὸ
713 1062 825 1142 μεῖζον
848 1059 910 1125 τοῦ
934 1055 1121 1142 ἐλάττονος,

73 1157 191 1229 σόταν
214 1166 455 1250 καταμετρῆται
478 1160 544 1230 ὑπὸ
568 1166 630 1230 τοῦ
654 1163 838 1242 ἐλάττονος.

174 1265 217 1352 γ’.
246 1266 378 1352 Λόγος
405 1266 474 1334 ἐστὶ
503 1265 566 1333 θόο
595 1269 751 1351 μεγεθῶν
780 1263 955 1351 ὁμογενῶν
987 1266 1008 1356 ἡ
1036 1266 1118 1335 κατά

107 1369 310 1456 πηλικότητά
333 1394 413 1438 ποια
437 1371 554 1458 σχέσις.

175 1474 217 1544 θ’.
241 1475 374 1562 Λόγον
408 1480 514 1563 ἔχειν
549 1473 633 1563 πρὸς
665 1473 792 1561 άλληλα
824 1476 951 1562 μεγέθη
981 1477 1121 1564 λέγεται,

106 1579 128 1648 οἳ
152 1580 294 1649 δύναται
316 1580 672 1668 πολλαπλασιαζόμενα
695 1580 851 1668 άλλήλων
874 1578 1058 1669 ὑπερέχειν.

64 1706 88 1755 ,ο
173 1687 212 1756 ε’.
232 1683 293 1754 Ἐν
329 1690 380 1780 τῷ
418 1684 521 1778 αὐτῷ
555 1685 657 1778 λόγῳ
690 1688 817 1774 μεγέθη
850 1687 979 1772 λέγεται
1011 1684 1121 1756 εἶναι

106 1797 241 1881 πρῶτον
276 1792 361 1883 πρὸς
397 1793 557 1883 θεότερον
592 1794 648 1862 καὶ
685 1800 798 1883 τρίτον
831 1791 914 1883 πρὸς
950 1795 1119 1883 τέταρτον,

106 1897 187 1969 ὅταν
214 1899 254 1969 τά
282 1906 344 1971 τοῦ
371 1905 506 1991 πράτον
533 1903 588 1970 καὶ
617 1908 732 1991 τρίτον
756 1901 865 1981 ίσάκις
887 1901 1119 1970 πολλαπλάσια

105 2011 173 2074 τῶν
201 2013 261 2076 τοῦ
285 2010 445 2096 δευτέρον
467 2010 523 2076 καὶ
541 2008 707 2096 τετάρτου,
724 2008 833 2088 ίσάκις
860 2014 1118 2076 πολλαπλασίων

104 2111 185 2181 καθ’
218 2112 402 2182 ὁποιονοῦν
426 2112 744 2200 πολλαπλασιασμόν
774 2114 932 2200 ἑκάτερον
961 2115 1119 2200 ἑκατέρου

64 2238 86 2288 ,ο
105 2215 127 2306 η’
151 2217 220 2306 άμα
242 2217 386 2308 ὖπερέχη
410 2214 431 2306 ἢ
456 2216 523 2305 άμα
547 2212 647 2309 ίσαῇ
666 2216 688 2307 ἢ
707 2217 776 2307 άμα
795 2221 926 2309 έλλείπη
945 2222 1119 2307 ληφθέντα

104 2324 303 2412 κατάλληλα.

150 2432 192 2505 ς’.
219 2431 266 2500 Τά
301 2431 338 2500 δὲ
366 2428 426 2500 τὸν
454 2427 559 2499 αὐτὸν
587 2435 706 2518 ἔχοντα
735 2431 838 2518 λόγον
871 2433 996 2519 μεγέθη
1026 2428 1118 2500 άνά-

104 2547 227 2626 λογον
249 2544 429 2606 καλείσθω.

175 2716 236 2771 Des.
258 2722 281 2770 1.
301 2716 375 2770 Hero
395 2713 450 2769 def.
471 2719 536 2781 120,
557 2720 580 2769 1.
618 2712 749 2769 Barlaam
767 2713 862 2784 logist.
882 2715 896 2767 Ι
914 2713 968 2770 def.
990 2722 1013 2770 1.
1091 2723 1116 2771 2.

103 2788 177 2843 Hero
196 2786 252 2842 def.
268 2794 328 2842 121.
364 2785 495 2840 Barlaam
507 2786 522 2838 .1
536 2783 591 2840 def.
612 2791 636 2840 2.
710 2791 734 2842 3.
749 2784 824 2840 Hero
839 2784 893 2839 def.
911 2791 971 2841 127.
1008 2785 1117 2842 Psellus

102 2876 130 2928 p.
150 2865 175 2915 8.
249 2865 274 2914 4.
294 2859 368 2913 Hero
388 2855 442 2910 def.
463 2861 528 2922 123,
549 2862 574 2909 1.
646 2861 670 2910 5.
690 2855 764 2909 Hero
783 2855 837 2910 def.
859 2861 918 2910 124.
998 2864 1022 2912 6.
1041 2858 1116 2913 Hero

103 2929 158 2985 def.
178 2934 237 2984 124.

176 3097 199 3142 1.
220 3082 295 3160 ὅροι]
310 3106 364 3144 om.
379 3087 491 3156 PBFp.
505 3089 636 3141 numeros
650 3103 705 3141 om.
720 3085 799 3140 codd
816 3103 921 3141 omnes
994 3094 1019 3143 2
1040 3085 1116 3142 ἔλατ-

102 3179 152 3214 τον
170 3160 255 3215 Hero.
339 3165 364 3212 4.
385 3105 586 3226 έλάοσονοςί,
605 3159 638 3212 ut
655 3156 703 3211 lin.
724 3161 749 3211 ὁ.
828 3164 852 3213 7.
872 3158 1009 3283 ποιαέΡ,
1027 3157 1116 3226 He103

102 3227 173 3296 πρὸς
195 3225 304 3318 ἄλληλά
327 3248 395 3282 ποια
420 3227 517 3283 Theon
532 3200 638 3316 (ss'Fv
655 3230 698 3298 p),
702 3225 882 3313 Campanus
957 3231 1001 3285 ost
1023 3227 1116 3298 σχέσις

102 3301 166 3356 add.
185 3297 325 3369 ἀναλογία
343 3294 409 3353 δὲ
395 3319 413 3382 η
432 3300 489 3354 τόν
507 3296 598 3370 λόγων
621 3294 759 3367 ταντότης
777 3299 837 3369 Bp,
862 3299 1032 3370 Campanus3
1056 3317 1117 3370 mg.

102 3369 786 3438 m2PVmgb1sm1etm2Fom
807 3370 890 3426 Hero.
981 3367 1116 3440 λέγειν]
