2430 3840
365 205 639 256 uuuumuuouuu
656 208 765 256 moun
782 208 829 260 m.
1043 205 1109 270 405

528 382 678 450 XXXIV.

163 503 197 569 Si
211 528 363 570 numerus
379 506 495 590 aliquis
510 528 569 571 nec
584 530 623 570 ex
638 508 678 571 iis
694 511 753 591 est,
772 506 827 591 qui
842 528 861 570 a
879 506 1007 571 binario
1028 529 1109 571 sem-

96 633 154 694 per
173 612 427 695 conduplicando
447 612 677 697 producuntur,
695 634 754 677 nec
770 612 936 676 dimidium
950 612 1107 694 imparem

96 719 205 801 habet,
228 725 261 783 et
283 718 407 802 pariter
429 741 489 802 par
513 723 562 783 est
587 724 620 783 et
642 720 765 803 pariter
787 715 929 803 impanl)

161 824 246 889 Nam
284 847 438 888 numerus
466 831 498 887 A
531 846 571 888 ne
604 825 647 888 sit
679 848 718 888 ex
750 825 805 905 iis,
837 825 892 907 qui
927 846 946 887 a
980 823 1107 888 binario

96 980 100 1016 1
332 978 336 1015 ¹
364 951 490 1014 semper
505 930 759 1014 conduplicando
778 929 1008 1012 producuntur,
1026 951 1109 993 neue

96 1023 118 1068 A
355 1036 531 1101 ‘dimidium
549 1037 706 1120 imparem
729 1036 857 1100 habeat.
895 1035 976 1119 dico,
998 1057 1106 1100 nume-

96 1163 168 1203 rum
191 1146 223 1202 A
247 1144 279 1204 et
301 1142 424 1223 pariter
447 1164 559 1225 parem
579 1145 612 1205 et
634 1142 756 1225 pariter
779 1142 938 1223 imparem
962 1162 1040 1205 esse.

163 1246 229 1308 iam
257 1268 427 1311 numerum
451 1254 483 1310 A
505 1248 627 1330 pariter
651 1269 762 1331 parem
786 1268 872 1328 esse,
899 1245 1110 1311 manifestum
1168 1266 1174 1278 ·

97 1356 147 1415 est
170 1350 248 1431 [VII
271 1352 332 1416 def.
357 1354 404 1436 8];
432 1376 509 1417 nam
540 1354 708 1418 dimidium
731 1355 888 1437 imparem
911 1374 978 1444 non
1001 1352 1110 1418 habet.

99 1457 179 1542 dico,
199 1459 336 1522 eundem
354 1459 476 1543 pariter
495 1459 653 1542 imparem
673 1482 750 1524 esse.
783 1482 860 1523 nam
880 1459 908 1522 si
925 1464 957 1522 A
975 1458 1010 1521 in
1030 1458 1110 1522 duas

97 1568 206 1647 partes
240 1566 390 1649 aequales
423 1565 627 1630 diuiserimus
664 1569 696 1630 et
727 1589 838 1630 rursus
876 1564 1044 1630 dimidium
1079 1567 1111 1628 ct

96 1670 182 1735 idem
206 1693 332 1755 semper
355 1671 504 1756 deinceps
528 1673 713 1754 fecerimus,
741 1671 915 1754 aliquando
940 1672 980 1734 ad
1002 1692 1112 1735 nume·

98 1798 170 1839 rum
189 1777 423 1858 perueniemuS,
442 1777 497 1860 qui
514 1799 685 1840 numerum
700 1783 732 1840 A
751 1776 925 1840 secundum
941 1796 1111 1839 numerum

101 1902 213 1963 parem
237 1881 376 1944 metitur.
414 1903 490 1944 nam
514 1883 542 1945 si
565 1883 680 1965 minus,
704 1883 743 1944 ad
767 1881 929 1958 binarium
948 1880 1112 1964 peruenie-

101 2008 183 2067 mus,
207 1990 239 2050 et
262 1992 356 2090 Aoex
379 1987 420 2050 iis
445 1988 514 2070 erit,
539 1987 593 2071 q'ui
616 1987 779 2051 abinario
800 2008 928 2070 semper
947 1985 1111 2069 condupli-

100 2092 202 2157 cando
216 2092 452 2175 producuntur3
470 2093 555 2176 quod
572 2097 620 2158 est
635 2098 747 2158 contra
760 2092 979 2175 hypothesim.
1012 2112 1110 2175 quare

99 2204 131 2262 A
152 2198 275 2282 pariter
297 2199 402 2281 impar
425 2199 486 2263 erit
511 2198 589 2279 [VII
612 2199 674 2263 def.
697 2199 740 2280 9].
778 2198 832 2262 sed
856 2198 1111 2263 demonstratum

98 2309 162 2388 est,
192 2305 327 2369 eundem
357 2305 479 2387 pariter
507 2327 619 2390 parem
648 2327 727 2370 esse.
775 2326 850 2389 ergo
874 2310 906 2368 A
935 2307 967 2369 et
989 2304 1112 2388 pariter

99 2434 160 2495 par
188 2416 220 2475 et
247 2412 368 2495 pariter
391 2411 496 2495 impar
519 2419 582 2496 est3
610 2413 695 2497 quod
719 2416 790 2475 erat
813 2409 1111 2474 demonstrandum.

538 2605 670 2672 XXXV.

167 2729 202 2795 Si
230 2730 390 2813 quotlibet
417 2732 545 2795 numeri
569 2730 718 2814 deinceps
744 2727 1004 2827 proportionales
1028 2729 1113 2808 sunt,

100 2842 133 2900 et
163 2859 181 2900 a
210 2837 348 2900 secundo
378 2841 410 2900 et
438 2837 553 2900 ultimo
582 2836 710 2899 numeri
732 2835 838 2918 primo
863 2832 1013 2916 aequales
1039 2831 1113 2895 sub-

172 2996 197 3060 1)
216 2993 318 3062 Propp.
338 2998 444 3046 33-34
463 2991 545 3046 aliter
564 2990 635 3046 citat
653 2991 824 3045 lamblichus
848 2989 878 3042 in
895 2987 1003 3042 Nicom.
1023 3005 1051 3056 p.
1070 2992 1114 3043 32.

98 3063 134 3201 ge
147 3065 299 3205 1ῙέῗΙτΜΙΙοτο
323 3066 351 3119 et
377 3063 411 3122 de
435 3061 559 3116 Euclidis
584 3060 721 3116 diuisione
746 3077 925 3115 numerorum
948 3076 975 3113 u.
996 3056 1115 3112 Studien

954 3255 1115 3264 -----

99 3306 245 3378 περισσόν,
273 3304 306 3372 ὃς
328 3305 459 3377 μετρήσει
481 3305 530 3362 τὸν
553 3313 575 3361 Α
598 3301 673 3361 κατὰ
703 3301 801 3374 ἄρτιον
829 3296 955 3372 ἀριθμόν
978 3300 1114 3386 (ΒΡΗἾᾳ).

100 3383 143 3432 15.
166 3377 384 3450 καταντήσωμεν
407 3380 456 3449 P„
483 3398 587 3432 ναταν-
609 3377 639 3431 in
662 3392 716 3430 ras.
739 3394 776 3430 m.
800 3381 816 3428 2
839 3374 892 3457 V„
965 3379 1006 3426 16.
1032 3373 1114 3442 ωστε]

100 3444 194 3514 ὥσπερ
211 3451 254 3521 P,.
311 3457 352 3505 17.
371 3456 393 3503 A
412 3451 465 3504 καί
478 3448 561 3518 BVq.
616 3443 747 3516 reprendo
761 3477 796 3487 -
810 3441 938 3512 ἄρτιακις
956 3461 993 3497 m.
1011 3458 1066 3496 reo.
1084 3443 1114 3496 B.

102 3518 285 3590 18.Α]Δφ.
341 3520 546 3592 rs]om.VP2.
601 3518 891 3590 22.rs]rorirp(non
904 3512 1114 3584 moncuq.
