2430 3840
355 170 630 221 ELEMENTORUM
647 170 756 221 LIBER
774 171 849 224 vm,
1043 169 1106 234 337

557 364 657 431 XXV.

163 488 197 553 Si
226 491 288 555 duo
323 490 450 555 numeri
479 490 565 554 inter
593 512 627 554 se
654 491 814 556 rationem
842 489 979 574 habent,
1012 512 1110 574 quem

98 596 198 660 cubus
222 618 374 660 numerus
399 596 439 660 ad
463 596 581 661 cubum
604 617 784 681 numerum,
808 599 841 660 ei
862 596 984 679 primus
1008 598 1110 663 cubus

96 705 159 787 est,
182 703 281 767 etiam
306 701 463 767 secundus
487 702 587 766 eubus
613 702 682 766 erit.
811 720 814 723 ·

162 808 234 873 Duo
259 808 345 872 enim
367 809 493 872 numeri
516 814 552 891 A,
571 812 599 871 B
618 809 702 871 inter
721 829 755 872 se
779 809 940 873 rationem
958 808 1111 894 habeant,

98 937 195 999 quam
229 915 330 979 cubus
357 936 510 978 numerus
539 918 572 978 Γ
596 914 635 978 ad
664 914 781 980 cubum
809 936 978 979 numerum
1007 924 1053 1001 A,
1081 922 1114 980 et

96 1021 196 1086 subus
225 1021 269 1084 sit
292 1025 333 1084 A.
378 1021 463 1104 dieo,
487 1021 587 1085 eiiam
610 1025 639 1084 Β
663 1020 781 1085 cubum
805 1040 885 1084 esse.

163 1149 241 1211 narn
265 1128 421 1210 quoniam
442 1130 479 1210 Γ,
498 1132 531 1190 A
555 1127 629 1191 cubi
653 1128 737 1209 suni,
760 1128 797 1209 Γ,
817 1132 850 1189 A
875 1127 996 1192 similes
1016 1129 1112 1193 solidi

100 1236 184 1298 sunt.
236 1233 346 1315 itaque
378 1232 464 1296 inter
496 1235 536 1314 Γ,
557 1238 590 1295 A
623 1232 686 1295 duo
720 1232 819 1296 medii
851 1235 1111 1317 proportionales

99 1341 350 1422 interponuntur
381 1338 508 1401 numeri
539 1339 641 1421 [prop.
664 1337 766 1419 XIXJ.
822 1339 888 1403 iam
917 1343 997 1424 quot
1028 1341 1113 1405 inter

97 1447 137 1529 Γ,
158 1450 191 1508 A
215 1443 389 1509 seeundum
416 1444 662 1528 proportionem
685 1445 874 1509 continuam
902 1446 1112 1530 interponun-

100 2104 155 2164 tur
186 2099 327 2183 numeri,
362 2099 500 2165 totidem
533 2099 632 2164 etiam
664 2100 748 2163 inter
781 2120 849 2180 eos,
887 2099 943 2182 qui
980 2099 1114 2164 eandem

102 2206 263 2271 rationem
291 2206 427 2290 habent,
457 2207 708 2289 interponuntur
736 2206 842 2289 [prop.
865 2203 970 2286 VIII].
1015 2228 1114 2291 quare

104 2315 203 2378 etiam
236 2314 320 2378 inter
342 2319 387 2395 A,
406 2318 435 2377 Β
463 2313 526 2377 (1110
555 2313 652 2377 medii
683 2311 944 2396 proportionales
972 2313 1116 2397 interpo-

105 2423 226 2483 nuntur
256 2420 391 2484 numeri.
441 2421 691 2502 interponentur
720 2423 763 2499 Ε,
788 2421 824 2482 Ζ.
869 2418 934 2482 iem
963 2419 1117 2501 quoniam

102 2530 255 2610 quattuor
286 2526 412 2592 numeri
436 2532 480 2609 A,
501 2530 544 2608 E,
562 2529 603 2609 Ζ,
622 2529 651 2588 Β
675 2523 824 2606 deinceps
852 2524 1115 2606 proporiioneles

103 2635 190 2716 sunt,
210 2637 243 2695 et
258 2633 358 2697 cubus
378 2634 428 2694 est
447 2637 486 2712 A,
506 2631 604 2694 etiem
623 2630 767 2694 Boubus
782 2632 831 2694 est
853 2630 957 2713 [prop.
970 2629 1115 2715 XX111];

105 2738 283 2822 quoderat
307 2728 609 2804 demonstrandum
727 2753 730 2760 ·

551 2929 671 3003 XXVI.

151 3057 300 3123 ‘Similes
329 3055 454 3122 numeri
482 3054 571 3139 plani
598 3056 684 3119 inter
712 3077 745 3120 se
774 3077 845 3120 eam
873 3055 1033 3119 rationem
1061 3054 1117 3118 he-

103 3165 191 3242 bent,
205 3187 302 3248 quam
318 3163 494 3247 quadratus
508 3183 660 3225 numerus
675 3161 715 3224 ad
730 3161 924 3245 quadratum
936 3180 1116 3225 numerum.

172 3268 244 3334 sint
273 3270 395 3334 similes
423 3268 550 3333 numeri
581 3267 670 3350 plani
696 3273 737 3347 A,
763 3271 798 3332 Β.
848 3266 933 3348 dice,
960 3270 992 3328 A
1020 3264 1061 3329 ed
1088 3269 1118 3328 Β

106 3397 178 3439 eam
208 3377 367 3441 rationem
395 3373 530 3458 habere,
558 3395 655 3458 quem
679 3372 855 3456 quadratus
879 3391 1032 3436 numerus
1062 3371 1119 3434 ho·

104 3483 183 3547 beai
207 3483 246 3546 sd
269 3482 463 3567 quadratum
485 3502 666 3545 numerum.

158 3595 310 3648 Eucliden,
326 3595 375 3636 edd.
388 3597 492 3646 Heiberg
506 3598 528 3637 et
543 3594 637 3644 Mense.
662 3595 698 3636 n.
940 3585 984 3632 Ὦ.
