2430 3840
359 153 634 205 normannorum
651 155 760 205 aman
778 156 823 207 vr.
1049 155 1111 218 171

100 296 169 369 ΕΞ.
215 295 324 379 itaque
353 295 473 369 AE=
492 299 561 360 ΦΧ
570 301 614 362 Ψ.
661 298 716 361 sed
749 301 819 363 ΦΧ
827 302 917 361 Ψ--
932 301 968 362 Γ.
1014 321 1113 383 qua-re

103 403 200 466 etiam
223 401 288 475 ΑΞ
301 432 343 454 --
358 406 393 466 Γ.

163 508 252 594 Ergo
277 510 372 574 datae
395 511 501 574 rectae
524 515 590 575 AB
614 512 709 576 datae
731 509 854 594 figurae
877 512 1064 577 rectilineae
1084 515 1116 575 Γ

101 617 233 700 aequale
261 616 459 700 adplicatum
488 622 536 682 est
564 617 902 705 parallelogrammum
930 617 995 690 ΑΞ
1023 639 1111 682 exce-

97 723 175 787 dens
208 722 313 806 figura
346 722 654 809 parallelogramma
683 727 764 805 110,
796 746 877 808 quae
913 723 1029 789 similis
1063 725 1112 788 est

96 830 220 915 figurae
244 839 286 912 A,
310 830 385 913 quia
406 833 523 893 011oe
537 834 604 894 ΕΛ
624 831 729 913 [prop.
747 828 887 914 XXIV];
913 831 999 914 quod
1018 851 1112 914 opor·

97 937 190 1000 tebat
211 936 289 1001 fieri.

553 1076 655 1141 XXX.

158 1201 278 1281 Datam
318 1203 440 1264 rectam
480 1200 690 1266 terminatam
729 1199 904 1265 secundum
947 1199 1109 1264 rationem

92 1310 270 1370 extremam
294 1328 331 1371 ac
355 1307 496 1373 mediam
521 1329 637 1373 secare.
717 1322 724 1328 ’

132 1435 166 1488 1⁷
246 1437 268 1489 a
314 1438 338 1494 θ
400 1462 405 1476 .
455 1412 505 1480 Sit
519 1414 595 1478 data
615 1416 705 1479 recta
717 1414 891 1480 terminata
906 1418 981 1478 ΑΒ.
1015 1435 1109 1496 opor·

254 1508 322 1516 Ἀ
387 1523 435 1586 tet
453 1521 556 1606 igitur
574 1527 698 1588 rectam
721 1527 786 1587 AB
811 1521 987 1587 seeundum
1006 1521 1109 1584 extre·

387 1650 475 1692 mam
499 1649 537 1692 ac
560 1630 700 1697 mediam
722 1630 884 1694 rationem
908 1649 1025 1694 secare.

454 1724 655 1798 describatur
674 1734 760 1799 enim
783 1734 819 1798 in
832 1739 897 1798 AB
917 1735 1110 1819 quadratum

68 1810 135 1897 ,Α
317 1807 351 1864 B
387 1842 458 1922 ΒΓ,
482 1842 515 1902 et
537 1841 645 1903 rectae
673 1844 705 1903 A
712 1842 745 1903 Γ
769 1839 947 1923 adplicetur
975 1840 1110 1924 paralle-

65 1951 67 1955 '
386 1945 605 2028 logrammum
623 1947 686 2010 ΓΔ
706 1944 863 2028 quadrato
887 1948 954 2009 ΒΓ
975 1945 1111 2028 aequale

230 2055 261 2114 Δ
388 2055 421 2115 et
449 2049 604 2115 excedens
631 2051 737 2137 figura
764 2056 836 2116 ΑΔ
864 2050 962 2116 simili
986 2051 1110 2136 figurae

91 2160 158 2223 ΒΓ
179 2160 287 2241 [prop.
308 2156 447 2240 XXIX}
493 2157 687 2240 quadratum
705 2160 812 2224 autem
832 2161 882 2223 est
900 2161 975 2243 BF;
999 2159 1109 2243 itaque

91 2265 190 2329 etiam
218 2271 289 2329 ΑΔ
318 2266 511 2348 quadratum
539 2267 598 2328 est.
650 2268 682 2329 et
710 2265 864 2348 quoniam
891 2267 957 2329 ΒΓ
973 2295 1015 2318 =
1035 2268 1108 2348 ΓΔ,

93 2369 314 2455 subtrahatur,
329 2371 415 2457 quod
429 2392 598 2435 commune
614 2375 674 2457 est,
688 2374 760 2438 ΓΕ.
784 2394 882 2456 quare
902 2376 965 2436 ΒΖ
976 2401 1018 2424 =
1028 2377 1108 2436 ΑΔ.

92 2497 205 2542 uerum
229 2477 328 2549 etiam
352 2478 602 2561 aequiangulum
626 2479 655 2543 ei
679 2476 764 2566 est.²)
812 2500 912 2562 quare
941 2478 977 2541 in
1003 2478 1110 2561 paral·

90 2583 312 2668 lelogrammis
345 2587 420 2665 BZ,
439 2587 511 2646 ΑΔ
542 2582 647 2649 latera
674 2582 825 2666 aequales
857 2584 994 2669 angulos
1022 2606 1108 2649 com·

91 2689 324 2774 prehendentia
337 2689 372 2753 in
387 2689 552 2756 contraria
565 2692 777 2774 proportione
791 2694 866 2756 sunt
885 2693 989 2774 [prop.
1004 2689 1108 2772 XIV].

89 2796 199 2879 itaque
227 2799 293 2859 ΖΕ
311 2819 317 2859 :
337 2800 407 2859 ΕΔ
425 2826 467 2848 =
486 2801 554 2861 ΑΕ
572 2820 579 2860 :
599 2801 671 2861 ΕΒ.
722 2797 778 2862 sed
806 2801 872 2862 ΖΕ
890 2828 932 2850 =
951 2795 1050 2885 AB2)
1075 2801 1107 2862 et

165 3010 191 3076 1)
211 3007 285 3061 Nam
302 2979 452 3075 utrumque
470 3007 665 3076 rectangulnm
684 3010 733 3064 est.

161 3081 189 3148 2)
208 3079 282 3132 Nam
303 3081 353 3132 ΖΕ
368 3103 402 3124 =
416 3081 472 3131 AF
488 3076 525 3146 (Ι,
544 3079 589 3146 34)
608 3080 638 3132 et
655 3083 710 3132 ΑΓ
722 3105 755 3125 =
770 3083 828 3134 ΑΒ.

91 3275 160 3342 (non
181 3275 223 3342 F).
262 3276 323 3328 ἴσον
348 3269 423 3328 ἐστίν
446 3275 475 3328 F.
567 3279 609 3327 23.
633 3270 703 3344 τήν]
722 3291 776 3330 om.
799 3272 881 3343 BFp.
971 3281 1013 3329 24.
1034 3274 1104 3344 AE]

89 3348 140 3397 AB
164 3365 194 3413 φ.
226 3405 228 3408 ⁴
284 3340 348 3416 τήν]
374 3363 428 3400 om.
451 3345 535 3413 BFp.
627 3346 678 3399 ZE
701 3345 734 3416 τῇ
758 3349 819 3413 ΑΓ,
847 3344 973 3400 τουτέστι
996 3345 1030 3415 τῇ
1055 3349 1104 3398 ΑΒ

89 3415 187 3470 Theon
205 3413 339 3486 (BFVp).
412 3421 454 3470 25.
473 3416 543 3487 AE]
564 3419 613 3468 AB
633 3436 663 3484 φ.
