2430 3840
500 697 611 779 Liber
638 704 681 778 V.

454 877 730 944 Definitiones.

159 1005 187 1067 1.
210 1001 291 1068 Pars
315 1006 366 1068 est
388 1004 494 1066 minor
512 1002 702 1088 magnitudo
723 1003 867 1086 maioris,
891 1005 919 1067 si
941 1004 1097 1068 maiorem

88 1109 231 1175 motitur.

156 1215 186 1279 2.
209 1214 382 1298 Multiplex
407 1219 517 1278 autem
541 1213 644 1278 maior
671 1217 721 1277 est
752 1213 905 1293 minoris,
937 1216 966 1278 si
993 1215 1100 1278 minor

87 1343 160 1385 eam
183 1320 325 1384 metitur.

152 1427 182 1490 3.
205 1425 303 1491 Ratio
318 1430 369 1490 est
383 1427 518 1492 duarum
534 1426 679 1492 eiusdem
693 1428 819 1512 generis
830 1427 1093 1513 magnitudinum

85 1532 261 1597 secundum
285 1534 500 1618 quantitatem
524 1533 689 1619 quaelibet
711 1533 878 1599 habitudo.

153 1641 184 1704 4.
206 1638 382 1705 Rationem
404 1641 490 1704 inter
514 1661 548 1703 aa
575 1639 694 1705 habere
722 1639 964 1726 magnitudines
989 1641 1097 1706 dicun-

84 1749 147 1830 tur,
158 1768 239 1830 quae
254 1745 491 1830 multiplicatae
506 1746 611 1811 altera
625 1747 761 1811 alteram
777 1767 930 1830 superare
949 1749 1097 1830 possunt.

151 1852 181 1918 5.
203 1851 243 1916 In
270 1851 383 1916 eadem
416 1853 542 1917 ratione
575 1852 815 1936 magnitudines
849 1874 919 1916 esse
948 1852 1095 1917 dicuntur

84 1957 193 2039 prima
217 1957 258 2020 ad
282 1957 454 2020 secundam
478 1960 511 2021 et
538 1958 638 2020 tertia
662 1956 701 2020 ad
726 1961 890 2040 quartam,
919 1959 947 2022 si
973 1959 1098 2042 primae

85 2066 119 2126 et
136 2061 253 2126 tertiae
272 2082 373 2146 aeque
393 2061 592 2145 multiplices
617 2061 774 2125 secundae
793 2065 826 2126 et
841 2067 976 2146 quartae
997 2084 1098 2147 aeque

84 2168 281 2251 multiplices
314 2172 371 2233 aut
403 2167 500 2232 simul
535 2170 690 2253 superant
722 2172 779 2232 aut
816 2168 911 2233 simul
945 2169 1096 2253 aequales

85 2279 161 2340 sunt
187 2279 243 2340 aut
273 2277 370 2340 simul
398 2275 541 2340 minores
571 2278 647 2339 sunt
676 2296 733 2339 suo
764 2273 907 2360 ordine¹)
937 2280 1097 2359 sumptae.

152 2383 181 2446 6.
204 2380 448 2466 Magnitudines
468 2385 574 2446 autem
599 2381 734 2447 eandem
753 2383 913 2447 rationem
935 2381 1093 2447 habentes

85 2487 344 2571 proportionales
366 2490 533 2552 uocantur.

155 2647 181 2714 1)
200 2645 260 2700 Hoc
271 2644 326 2699 est:
345 2643 386 2697 ita
399 2643 432 2696 ut
441 2642 646 2713 coniungantur
654 2643 745 2712 prima
755 2642 903 2709 secundae,
916 2641 1003 2696 tertia
1012 2658 1094 2710 quar-

82 2717 130 2771 tae
142 2717 171 2769 et
183 2715 354 2785 respondeat
366 2714 430 2768 loco
445 2716 473 2768 et
488 2714 583 2768 ordino
597 2713 688 2785 prima
706 2713 817 2779 tertiae,
833 2712 956 2767 secunda
970 2717 1096 2781 quartae.

85 2822 91 2834 .
180 2800 181 2804 ¹
220 2822 226 2834 .
321 2776 357 2845 2
504 2818 510 2830 .
667 2773 705 2841 ὲ
841 2818 847 2830 .

82 2824 180 2891 itaque
204 2840 228 2876 si
248 2819 418 2924 MaZNb
437 2820 467 2873 et
489 2819 573 2888 simul
599 2820 701 2923 Μοξ
718 2819 784 2888 Ncl,
808 2821 863 2874 erit
885 2819 1096 2875 azbncrd.

84 2928 131 2983 cfr.
152 2927 275 2984 Hanlrel:
295 2928 349 2981 Zur
367 2926 468 2981 Gesch.
488 2925 537 2980 der
554 2923 720 2981 Mathemat.
737 2944 764 2996 p.
785 2931 846 2981 390.

82 3070 99 3104 v
117 3068 201 3122 supra
215 3051 327 3108 m.1P.
401 3056 426 3105 9.
445 3045 608 3120 ὑπερέχειν]
627 3068 685 3104 -ειν
703 3049 733 3104 in
750 3065 804 3104 ras.
823 3049 856 3104 V.
932 3056 972 3104 14.
991 3053 1095 3106 notro-

82 3122 264 3193 πλασιασμῶν
282 3123 319 3188 Ρ,
337 3138 406 3178 corr.
425 3138 461 3177 m.
483 3128 507 3175 1.
580 3127 622 3176 15.
641 3116 774 3191 ὑπερέχει
795 3121 823 3174 Β.
904 3111 934 3192 ἦ]
955 3137 1040 3191 supra
1057 3139 1095 3175 m.

86 3192 149 3248 1F.
177 3223 179 3226 <
223 3187 343 3247 ἐλλείπει
365 3193 396 3246 Β.
469 3189 631 3262 ληφθέντα]
655 3213 698 3260 -η-
722 3208 737 3246 e
761 3208 830 3246 corr.
855 3209 891 3248 m.
918 3191 987 3246 Π.
1023 3189 1093 3244 Deff.

47 3290 50 3295 ·
83 3269 151 3318 6-7
166 3263 339 3334 permutauit
350 3264 385 3329 P3
405 3264 437 3317 ut
450 3279 502 3317 nos
521 3261 640 3332 BIle‚
660 3261 829 3331 Campanum
850 3277 884 3316 ex
898 3261 1009 3316 Herone
1023 3260 1096 3315 nihil

82 3333 211 3390 concludi
234 3337 342 3419 potest,
370 3350 434 3388 cum
461 3333 547 3388 etiam
576 3332 630 3388 def.
659 3339 729 3388 8-9
757 3335 824 3387 ante
852 3332 907 3387 def.
936 3339 951 3387 ‘l
980 3331 1094 3387 habeat.

117 3412 160 3460 1⁷.
180 3403 281 3476 ἔχοντα
308 3407 392 3474 λογον
415 3403 538 3475 μεγέθη]
561 3400 646 3473 λόγον
670 3401 771 3472 ἔχοντα
795 3402 905 3472 μεγέθη
928 3403 963 3468 Ες
993 3400 1095 3471 ἔχοντα

82 3474 192 3546 μεγέθη
207 3473 291 3546 λόγον
305 3475 339 3532 V.
412 3463 567 3546 ἀνάλογον]
587 3471 672 3543 λόγον
691 3469 833 3543 ἀνάλογον
850 3475 916 3544 post
934 3489 987 3527 ras.
1009 3478 1024 3526 ‘1
1039 3470 1095 3524 litt.

80 3545 112 3600 in
128 3565 186 3616 mg.
205 3546 307 3602 mansit
325 3565 363 3600 m.
383 3552 399 3601 2
418 3545 448 3600 1⁴¹.

900 3629 935 3684 l*
