2430 3840
362 202 635 256 acerrumoauu
652 206 761 256 arnan
778 208 825 258 rx.
883 283 891 305 Ι
1044 206 1110 270 353

95 341 189 425 item,
212 339 297 426 qui1)
321 365 385 409 uno
404 345 477 410 loco
501 347 637 432 distant,
665 352 799 433 quartus
824 352 934 414 autem
953 351 1053 415 cubus
1078 357 1111 416 et

104 448 183 512 item
212 470 336 534 omnes,
369 451 548 538 quicunque
577 455 702 521 duobus
732 456 812 520 locis
846 456 980 542 distant,
1012 460 1111 543 septi-

101 576 173 618 mus
197 576 274 620 uero
299 556 394 621 simul
418 563 450 622 et
479 562 579 625 cubus
608 564 641 626 et
668 563 844 646 quadratus
874 566 907 627 et
934 563 1026 648 item,
1055 567 1111 649 qui

105 661 246 745 quinque
269 663 349 727 locis
372 664 506 731 distant.

166 765 238 831 Sint
274 769 434 852 quotlibet
465 774 591 837 numeri
623 774 698 838 inde
732 776 773 839 ab
806 776 930 839 unitate
961 775 1109 860 deinceps

96 911 240 960 Α,-,
526 879 788 963 proportionales
817 886 862 964 A,
882 885 925 963 Β,
944 884 985 965 Γ,
1007 886 1053 965 A,
1072 886 1112 965 E,

528 991 563 1050 Z.
611 985 693 1070 dioc,
716 987 850 1050 tertium
875 987 915 1050 ab
935 986 1058 1051 unitate
1082 991 1110 1049 B

528 1092 723 1176 quadratum
743 1114 812 1157 esse
832 1095 865 1156 et
887 1093 967 1157 item
991 1114 1111 1175 omnes,

401 1244 404 1278 ,
526 1199 707 1283 quicunque
716 1221 780 1264 uno
790 1201 862 1264 loco
873 1198 1004 1282 distent,
1014 1221 1109 1282 quar-

451 1351 454 1386 ,
525 1308 596 1368 tum
630 1309 738 1369 autem
765 1308 798 1370 Γ
822 1306 940 1369 cubum
969 1310 1001 1369 et
1027 1305 1109 1369 item

506 1440 511 1477 ι
531 1430 656 1494 omnes,
680 1411 862 1496 quicunque
886 1411 1010 1475 duobus
1029 1412 1109 1476 locis

527 1514 664 1601 distent,
693 1517 868 1602 septimum
896 1539 974 1583 uero
1010 1522 1036 1581 Z
1071 1519 1110 1581 si·

103 1617 171 1680 mul
206 1620 238 1680 et
275 1619 392 1684 cubum
425 1623 458 1685 et
489 1623 682 1705 quadratum
721 1627 753 1688 et
784 1624 863 1688 item
892 1645 1017 1708 omnes,
1045 1624 1113 1708 qui·

101 1744 225 1806 cunque
258 1725 399 1811 quinque
437 1727 519 1792 locis
554 1728 681 1792 distent.
740 1751 816 1792 nam
863 1729 1017 1812 quoniam
1063 1733 1113 1794 est

103 1828 192 1892 1:A
206 1856 248 1882 =
262 1836 315 1894 A:
330 1835 372 1916 Β,
400 1833 508 1897 unitas
538 1854 707 1897 numerum
731 1839 763 1896 A
786 1836 818 1896 et
840 1838 872 1894 A
895 1854 1065 1898 numerum
1083 1838 1112 1898 Β

103 1935 284 2018 aequaliter
301 1939 436 2003 metitur
455 1937 532 2019 [VII
552 1937 613 2001 def.
631 1939 698 2018 20].
741 1939 796 2002 sed
815 1937 922 2001 unitas
942 1960 1112 2004 numerum

102 2046 135 2105 A
158 2043 332 2108 secundum
355 2045 498 2108 unitates
522 2044 622 2126 ipsius
646 2043 787 2108 metitur.
834 2064 933 2127 quare
957 2045 1056 2108 etiam
1080 2054 1113 2110 A

102 2169 272 2212 numerum
305 2154 333 2212 Β
365 2149 541 2213 secundum
575 2151 716 2214 unitates
748 2149 876 2213 numeri
907 2153 939 2211 A
972 2151 1111 2216 metitur.

102 2256 212 2338 itaque
236 2255 315 2335 [VII
334 2255 394 2319 del.
416 2254 471 2336 15]
495 2260 528 2319 A
541 2271 584 2324 ><
599 2261 631 2320 A
646 2287 687 2308 =
703 2261 740 2319 Β.
787 2277 864 2340 ergo
888 2259 917 2319 Β
936 2256 1112 2340 quadratus

104 2365 163 2426 est.
200 2365 232 2424 et
251 2362 404 2444 quoniam
423 2365 461 2444 Β,
479 2357 516 2445 Γ,
531 2367 565 2425 A
579 2363 730 2445 deinceps
749 2363 1009 2444 proportionales
1029 2366 1113 2445 sunt,

102 2471 135 2532 et
158 2472 186 2530 Β
210 2467 387 2551 quadratus
407 2470 466 2551 est,
490 2468 589 2531 etiam
608 2474 642 2532 A
662 2468 838 2552 quadratus
858 2470 909 2530 est
927 2466 1030 2550 [V111‚
1045 2468 1112 2550 22].

102 2575 214 2639 eadem
246 2573 285 2636 de
313 2595 411 2637 causa
443 2574 541 2636 etiam
576 2579 603 2637 Z
636 2574 811 2658 quadratus
849 2575 906 2638 est.
962 2573 1112 2637 similiter

103 2678 408 2757 demonstrabimus,
438 2679 537 2742 etiam
567 2701 693 2764 omnes,
726 2678 907 2762 quicunque
941 2700 1005 2744 uno
1038 2681 1111 2745 loco

102 2786 236 2868 distent,
264 2783 440 2867 quadratos
468 2805 548 2850 esse.
593 2786 659 2849 iam
683 2785 769 2868 dice,
797 2788 950 2868 quartum
978 2784 1018 2848 ab
1043 2785 1112 2848 uni·

100 2896 169 2955 tate
192 2893 225 2955 Γ
248 2890 366 2956 cubum
389 2911 458 2954 esse
482 2894 515 2954 et
537 2891 616 2954 item
636 2913 757 2975 omnes,
781 2891 963 2975 quicunque
987 2890 1112 2954 duobus

102 2998 182 3062 locis
211 2996 341 3062 distent.
386 3018 462 3060 nam
494 2997 647 3080 quoniam
675 3000 725 3061 est
755 2998 842 3061 le
857 3027 899 3049 =
914 3000 943 3060 Β
957 3020 965 3060 z
980 2999 1020 3080 Γ,
1044 2996 1114 3059 uni-

101 3107 153 3167 tas
171 3124 342 3167 numerum
364 3107 397 3166 A
420 3106 452 3167 et
475 3106 504 3166 Β
526 3124 696 3168 numerum
720 3105 752 3168 Γ
772 3103 951 3187 aequaliter
970 3101 1111 3166 met'tur.

473 1479 493 1528 Z

175 3316 200 3382 1)
221 3312 290 3366 Cum
322 3307 426 3374 πάντες
455 3314 521 3382 poet
553 3313 746 3372 διαλείποντες
777 3309 913 3365 facillime
944 3308 1112 3364 intercidere

104 3383 236 3450 potuerit,
253 3400 306 3438 nee
323 3382 353 3436 in
371 3383 425 3437 hoo
442 3382 580 3438 uocabulo
600 3383 646 3436 uel
664 3379 821 3436 omittendo
835 3381 883 3435 uel
900 3381 1034 3449 ponendo
1047 3397 1116 3431 com-

105 3455 183 3506 stans
202 3453 240 3507 sit
262 3453 389 3508 codicum
406 3454 429 3508 P
448 3455 478 3510 et
495 3451 710 3511 Theoninorum
727 3468 888 3509 consensus
907 3451 966 3502 ant
979 3448 1150 3500 διωωκ

97 3523 217 3577 fortasse
234 3520 340 3588 πάντες
360 3526 467 3599 ubique
486 3527 703 3602 recipiendum.

137 3617 293 3677 Euclides,
308 3625 363 3669 edd.
377 3629 490 3685 Heiberg
507 3636 532 3676 et
544 3632 649 3683 Menae.
677 3634 718 3675 Π.
977 3605 1022 3651 Ἦ

1136 3682 1157 3797 :l
