2430 3840
162 114 185 138 l

374 281 650 333 ELEMENTORUM
668 282 777 333 LIBER
795 279 828 334 V.
1093 280 1115 345 5
1194 336 1196 341 ,

171 425 198 488 7.
223 421 280 489 sin
308 445 347 488 ex
371 446 472 509 aeque
499 425 734 510 multiplicibus
742 425 762 501 ¹)
791 427 915 511 primae
944 425 1113 509 multiplex

101 529 314 615 multiplicem
334 531 492 596 secundae
511 538 655 617 superat,
678 535 795 598 tertiae
815 535 924 597 autem
943 532 1114 615 multiplex

101 636 315 720 multiplicem
334 641 469 723 quartae
488 659 554 702 non
574 643 717 730 superat,
736 644 807 704 tum
826 638 933 724 prima
948 637 989 701 ad
1004 659 1114 702 secun-

101 743 176 807 dam
209 744 366 809 maiorem
399 745 562 809 rationem
593 745 713 810 habere
747 746 865 811 dicitur
888 767 986 829 quam
1017 745 1115 808 tertia

87 849 142 916 ,ad
166 855 322 934 quartam.

168 956 196 1019 8.
220 955 394 1040 Proportio
424 961 532 1021 autem
560 957 594 1023 in
622 958 726 1022 tribus
754 957 902 1023 terminis
931 957 1113 1022 consistens

99 1061 236 1126 minima
255 1068 313 1127 est.

168 1168 198 1232 9.
219 1167 254 1233 Si
263 1172 330 1232 tres
346 1167 587 1252 magnitudines
601 1166 897 1252 proportionales2)
912 1172 996 1251 sunt,
1007 1168 1115 1251 prima

100 1273 141 1337 ad
169 1274 301 1338 tertiam
330 1273 529 1356 duplicatam
556 1272 716 1338 rationem
746 1274 911 1356 quemad
941 1274 1114 1338 secundam

99 1379 220 1443 habere
244 1379 371 1442 dicitur.
419 1430 423 1438 .

170 1485 220 1548 10.
254 1481 311 1548 Sin
348 1489 503 1568 quattuor
538 1487 780 1571 magnitudines
816 1483 1112 1571 proportionales³)
1190 1516 1196 1540 ι

101 1592 190 1673 sunt,
213 1590 319 1674 prima
347 1591 387 1655 ad
415 1597 564 1677 quartam
596 1594 796 1678 triplicatam
825 1594 986 1658 rationem
1016 1614 1114 1677 quam

100 1696 141 1760 ad
165 1697 338 1762 secundam
361 1698 480 1763 habere
505 1699 635 1784 dicitur,
665 1706 697 1764 et
720 1700 832 1765 eodem
860 1701 956 1765 modo
986 1722 1112 1785 semper

102 1802 267 1889 deinceps,
295 1805 527 1890 qualiscunque
552 1807 629 1871 data
653 1810 702 1870 est
725 1801 915 1890 proportio(

171 1912 219 1973 11.
243 1911 491 1993 Respondentes
524 1913 764 1997 magnitudines
801 1913 952 1977 dicuntur
984 1934 1112 1998 praece·

103 2015 216 2077 dentes
239 2014 520 2098 praecedentibus,
543 2020 714 2099 sequentes
739 2017 959 2098 sequentibus

170 2120 218 2183 12.
242 2119 432 2184 Permutata
460 2121 545 2184 ratio
576 2124 639 2204 est,
671 2122 727 2185 ubi
756 2121 895 2185 sumitur
919 2122 1113 2206 praecedens

103 2226 143 2290 ad
166 2227 411 2310 praecedentem
435 2231 468 2291 et
491 2249 627 2315 sequens
651 2228 692 2292 ad
716 2231 911 2313 sequentem.

170 2333 378 2398 13.1nuersa
401 2335 486 2398 ratio
511 2337 569 2418 est,
592 2334 648 2399 ubi
672 2335 813 2400 sumitur
832 2356 969 2419 sequens
988 2356 1116 2419 praece·

105 2439 213 2503 dentis
236 2440 308 2504 loeo
333 2440 373 2504 ad
397 2441 644 2523 praecedentem
668 2442 833 2525 sequentis
856 2443 937 2507 loco.

171 2546 220 2611 14.
245 2543 447 2629 Compositio
478 2548 616 2613 rationis
647 2550 708 2631 est,
736 2548 792 2612 ubi
820 2549 958 2612 sumitur
984 2569 1112 2632 praece·

99 2653 178 2716 dens
201 2673 275 2715 cum
300 2654 449 2734 sequenti
467 2676 526 2738 pro
545 2675 612 2718 una
631 2653 671 2717 ad
694 2653 797 2716 solam
823 2657 1020 2736 sequentem.

171 2845 197 2912 1)
217 2846 278 2898 Non
306 2860 402 2898 omnes
426 2859 514 2912 aeque
542 2842 715 2912 multiplices
743 2859 803 2898 esse
837 2843 952 2914 debent,
982 2844 1031 2899 sed
1058 2844 1113 2915 pri·

99 2931 161 3039 mag
179 2916 220 3039 fot
247 2914 347 2969 tertiae
375 2930 464 2983 aeque
492 2913 677 2983 multiplices,
705 2915 842 2970 secundae
861 2917 901 2969 ‘et
928 2917 1053 2985 quartae,
1082 2919 1115 2972 ut

98 2985 129 3039 in
163 3001 197 3040 e.
213 2991 237 3039 5.

169 3058 198 3126 2)
218 3056 260 3111 So.
286 3055 417 3158 deinceps
442 3052 525 3127 (κατὰ
549 3052 581 3111 τὸ
606 3055 745 3127 συνεχές),
768 3057 796 3112 h.
816 3074 839 3113 e.
860 3058 884 3111 'si
903 3061 1022 3114 απὸ-τ
1038 3061 1112 3127 bre,

99 3126 407 3182 eritarc=a²:l).

169 3201 196 3267 3)
217 3197 259 3251 Sc.
286 3198 418 3267 deinceps
444 3193 527 3267 (κατὰ
551 3195 583 3252 τὸ
609 3197 747 3268 συνεχές);
772 3199 820 3254 cfr.
843 3192 896 3269 XI,
920 3207 962 3255 33.
987 3200 1015 3254 h.
1040 3217 1064 3256 e.
1089 3201 1112 3254 si

98 3269 778 3338 a2b=l):c=e:d,eritatd=a³:b³.

100 3459 322 3548 locFV,pm.
342 3480 398 3518 rec.
472 3460 996 3590 1s.tyoepeva]vs‘1-ecorr.m.2v.
1070 3469 1113 3517 16.
1162 3504 1169 3517 .

96 3528 133 3588 eol
151 3532 184 3589 dl
205 3531 332 3605 ἕπομενα
357 3534 427 3606 τοῖς]
451 3553 488 3590 m.
512 3542 528 3589 2
552 3551 582 3588 m
609 3550 662 3589 ras.
714 3576 720 3589 .
793 3541 835 3590 19.
864 3529 939 3589 ἐστίν
966 3532 995 3587 F.
1069 3538 1112 3588 21.

97 3598 174 3660 ἐστίν
186 3602 218 3661 Β.
290 3604 355 3675 τοῦ]
374 3604 471 3678 insert.
489 3624 527 3661 m.
547 3613 562 3660 2
581 3606 611 3660 F.
