2430 3840
371 188 645 238 nnnunuroauu
663 189 773 238 amun
790 191 837 238 rx.
1047 188 1113 254 403

97 327 248 410 plicando
267 329 487 411 producantur
510 334 547 413 Β,
565 333 602 414 Γ,
622 334 663 394 A.
700 330 780 412 dico,
803 351 953 395 numeros
977 335 1064 413 Β,Γ,
1080 336 1113 393 A
1172 378 1183 385 .1

592 436 699 499 solum
722 435 843 518 pariter
866 457 961 519 pares
985 457 1063 502 esse.

660 541 726 604 iam
743 541 888 624 singulos
905 562 1059 605 numeros
1074 546 1112 625 B,

592 649 634 730 Γ,
667 653 700 710 A
736 647 858 730 pariter
893 668 989 729 pares
1032 667 1112 731 esse,

594 751 804 819 manifestum
815 756 873 817 esi.
905 774 981 816 nam
994 753 1112 816 abina·

596 859 645 922 rio
688 880 814 942 semper
856 858 1112 941 conduplicando

98 964 249 1047 producti
281 965 357 1025 sunl
390 961 467 1042 [VII
491 962 552 1027 def.
576 965 620 1044 8].
667 964 753 1047 dieo,
786 986 840 1028 eos
874 965 972 1028 eliam
1006 965 1111 1029 solum

96 1070 219 1152 pariter
246 1089 341 1150 pares
371 1090 448 1132 esse.
496 1073 643 1133 sumatur
671 1071 758 1132 enim
781 1071 900 1134 unitas.
946 1070 1012 1134 iam
1035 1093 1112 1154 quo-

96 1175 185 1237 niam
209 1172 250 1236 ab
274 1174 399 1238 unitate
424 1175 585 1257 quotlibet
608 1175 733 1238 numeri
753 1175 905 1259 deinceps
924 1177 1108 1259 proportio·

96 1280 188 1342 nales
213 1283 302 1361 sunt,
326 1282 359 1344 ei
381 1280 501 1344 unitati
524 1281 691 1364 proximus
715 1286 748 1343 A
770 1282 892 1364 primus
917 1285 980 1364 esd,
1009 1283 1111 1345 maxi-

97 1408 186 1448 mum
210 1407 416 1450 numerorum
436 1393 476 1469 A,
491 1390 529 1470 B,
543 1389 580 1469 Γ,
596 1392 629 1449 A
651 1409 822 1452 numerum
841 1393 875 1450 A
897 1387 1006 1451 nullus
1027 1387 1111 1450 alius
1176 1464 1177 1468 Ἰ

97 1491 249 1554 metietur
271 1496 397 1575 praeter
416 1499 456 1577 A,
480 1497 518 1577 Β,
543 1494 576 1556 Γ
595 1494 697 1577 [prop.
716 1493 821 1574 ΧΙΙΙ].
859 1499 891 1557 et
915 1494 1035 1578 singuli
1052 1516 1110 1556 nu-

96 1598 177 1660 meri
201 1603 241 1679 A,
264 1602 301 1681 Β,
325 1600 358 1662 Γ
374 1621 468 1683 pares
493 1605 579 1663 suni.
617 1620 695 1684 ergo
721 1606 753 1662 A
777 1601 881 1664 solum
905 1601 1027 1683 pariter
1050 1621 1111 1682 par

96 1708 146 1767 est
162 1702 240 1784 [VII
250 1704 363 1785 def.8].
388 1706 536 1769 similiter
552 1706 857 1789 demonstrabimus,
872 1707 971 1769 etiam
986 1709 1109 1769 utrum-

96 1830 157 1892 que
173 1812 211 1891 Β,
226 1810 258 1872 Γ
277 1812 380 1873 solum
404 1812 526 1895 pariter
548 1834 660 1893 parem
680 1832 762 1893 esse3
786 1812 871 1894 quod
891 1815 961 1875 erat
979 1811 1110 1875 demon·

97 1914 276 1977 strandum.

238 490 329 540 l-lA

475 807 565 854 -lA

526 2001 678 2067 XXXIII.

165 2107 199 2172 Si
225 2128 379 2169 numerus
403 2108 520 2191 aliquis
543 2108 711 2173 dimidium
735 2108 892 2191 imparem
915 2108 1029 2192 habel,
1059 2131 1108 2173 so·

95 2216 164 2278 lum
187 2215 310 2297 parlier
333 2213 440 2297 impar
463 2217 522 2278 est.

163 2319 248 2384 Nam
270 2341 422 2384 numerus
446 2326 478 2384 A
501 2320 669 2386 dimidium
691 2321 813 2385 habeat
835 2323 1003 2404 imparem.
1027 2322 1108 2405 dieu,

480 2456 704 2564 Ι--ῖ-Ι

95 2659 265 2701 numerum
284 2643 316 2701 A
340 2637 445 2701 solum
468 2637 592 2721 pariter
614 2638 771 2722 imparem
795 2659 874 2702 esse.
897 2640 963 2701 iam
985 2638 1108 2721 pariter

94 2745 251 2828 imparem
271 2764 344 2806 eum
364 2765 444 2827 esse,
463 2744 668 2808 manifestum
690 2748 752 2828 θεὲ,
770 2766 846 2808 nam
863 2744 1014 2808 dimidius
1030 2744 1107 2826 eino,

97 2851 152 2933 qui
174 2851 280 2932 impar
303 2854 362 2934 est,
385 2872 458 2914 eum
482 2851 605 2934 pariter
629 2851 762 2915 metitur
781 2850 859 2931 [VII
874 2850 934 2914 def.
950 2851 993 2931 9].
1026 2852 1106 2936 dieu,

95 2977 168 3019 eum
197 2957 295 3020 etiam
323 2956 430 3021 solum
458 2956 582 3040 pariter
608 2957 764 3041 imparem
793 2979 873 3022 esse.
917 2979 994 3021 nam
1024 2958 1052 3021 si
1074 2963 1107 3021 A

95 3061 192 3124 etiarn
220 3063 341 3145 pariter
368 3084 428 3147 par
457 3062 531 3145 erit,
561 3084 621 3145 par
649 3083 721 3125 eum
748 3084 901 3126 numerus
930 3063 1105 3126 seeundum

95 3187 206 3248 parem
233 3188 403 3231 numerum
431 3167 584 3231 metietur
608 3165 687 3248 [VII
710 3166 771 3230 def.
789 3168 834 3247 8].
880 3189 977 3251 quare
1006 3169 1105 3232 etiam

97 3270 264 3336 dimidium
289 3273 367 3354 eiuS,
390 3272 445 3355 qui
468 3272 574 3355 impar
599 3275 658 3353 est,
680 3293 740 3354 par
762 3277 915 3336 numerus
939 3273 1104 3356 mediatum

95 3378 180 3460 quod
203 3378 377 3443 absurdum
397 3381 454 3441 est.
492 3398 569 3461 ergo
594 3384 626 3442 A
650 3379 754 3442 solum
777 3378 898 3461 pariter
916 3379 1022 3460 impar
1040 3381 1105 3461 esi,

94 3482 181 3566 quod
203 3487 273 3547 erat
295 3483 590 3548 demonstrandum.

891 3584 946 3640 ΒΕ*
