2430 3840
360 169 635 221 nnnnnunosuu
653 169 762 221 unna
780 172 825 222 vu
1043 169 1107 235 179

92 313 240 396 aequalia
271 312 429 378 habentes
461 312 495 375 in
528 334 593 378 uno
627 314 745 399 angulo
774 298 1030 399 coniunguntur)
1059 314 1108 380 iba

91 423 127 482 ub
151 420 437 503 correspondentia
460 420 564 483 latera
586 421 685 484 etiam
707 403 865 503 parallela
888 420 961 505 sint,
984 419 1108 503 reliqua

90 525 194 590 lebera
212 526 449 611 triangulorum
468 526 503 589 in
523 525 635 590 eadem
658 530 747 590 reela
767 528 862 591 erunt
880 527 1002 610 posila3
1021 526 1106 609 quod

91 637 161 698 erat
184 632 478 699 demonstrandum.

523 807 672 874 XXXIII.

155 931 196 996 In
223 933 349 998 circulis
377 933 568 1017 aequalibus
598 933 711 1018 anguli
739 934 875 999 eandem
906 934 1029 1001 habent
1056 957 1107 1000 ra-

87 1039 212 1103 tionein
244 1060 341 1122 quam
374 1059 481 1124 arcus,
513 1039 549 1103 in
580 1039 697 1122 quibus
730 1041 927 1124 consistunt,
965 1041 1033 1105 siue
1066 1041 1107 1106 ad

92 1148 203 1209 centra
226 1144 294 1208 siue
318 1144 359 1208 ad
382 1143 522 1209 ambitus
546 1146 645 1229 positi
668 1143 780 1232 suntff)

158 1248 232 1312 Sine
265 1251 414 1334 aequales
442 1251 554 1316 circuli
582 1255 690 1335 ΑΒΓ,
713 1255 828 1337 ΔΕΖ,
861 1254 894 1316 el
925 1251 966 1317 sd
995 1257 1107 1318 eenbra

91 1374 202 1418 eorum
221 1358 264 1439 H,
278 1361 306 1422 Θ
324 1358 423 1441 posili
442 1359 507 1423 sini
525 1359 637 1444 anguli
655 1361 765 1443 ΒΗΓ,
778 1362 885 1443 ΕΘΖ,
904 1359 944 1424 ed
963 1360 1106 1425 ambitus

89 2364 197 2424 autem
221 2364 331 2444 ΒΑΓ,
351 2364 461 2425 ΕΔΖ.
508 2359 592 2442 dieo,
616 2381 685 2425 esse
791 2355 794 2362 ’

86 2488 148 2532 are.
171 2469 259 2532 BF:
279 2489 342 2532 are.
364 2471 427 2531 ΕΖ
446 2498 488 2520 --
508 2472 529 2543 L
549 2469 655 2532 ΒΗΓ
669 2489 677 2530 :
692 2470 787 2531 ΒΘΖ
802 2496 844 2519 =
858 2471 962 2533 ΒΑΓ
972 2491 979 2532 :
993 2471 1105 2535 ΕΔΖ.

156 2578 317 2658 ponantur
345 2574 431 2638 enim
460 2572 609 2656 deinceps
638 2574 725 2638 areui
748 2576 814 2638 ΒΓ
833 2575 985 2657 aequales
1014 2581 1105 2660 quoe

72 2679 168 2768 'libel
187 2702 280 2746 arcus
300 2683 373 2765 ΓΚ,
388 2683 422 2744 K
427 2684 466 2763 Λ,
486 2679 575 2746 arcui
595 2683 704 2743 autem
723 2683 785 2743 ΒΖ
806 2679 967 2763 quotlibet
986 2704 1104 2767 aequa-

86 2786 134 2851 les
159 2791 246 2872 ZM,
264 2791 356 2870 ΜΝ,
380 2791 412 2851 eb
435 2787 593 2851 ducantur
615 2787 701 2869 HK,
719 2788 804 2871 HA,
823 2791 909 2870 ΘΜ,
929 2791 1006 2853 ΘΝ.

153 2893 219 2960 iam
242 2894 396 2979 quoniam
419 2913 512 2957 arcus
537 2894 602 2957 ΒΓ
613 2921 654 2944 =
670 2894 737 2956 ΓΚ
751 2921 792 2946 =
808 2896 842 2957 K
847 2897 891 2977 Λ,
920 2893 983 2959 erit
1005 2895 1104 2962 etiam

160 3125 186 3190 1)
205 3120 246 3175 De
264 3117 531 3189 interpolationsssus
550 3118 672 3173 Theonis
690 3117 740 3174 lin.
756 3125 772 3173 9
787 3119 817 3174 et
829 3118 879 3175 lin.
895 3127 928 3176 16
943 3121 991 3177 cfr.
1006 3140 1035 3192 p.
1053 3127 1103 3176 183

90 3195 148 3247 not.
169 3199 197 3257 13
217 3210 270 3248 om.
292 3190 449 3259 Campanus
467 3190 519 3257 VI,
540 3195 582 3243 32.

86 3438 123 3474 m.
142 3436 198 3476 res.
216 3422 247 3480 P.
338 3428 381 3477 21.
400 3421 472 3494 ἴσαι]
491 3422 543 3476 καί
557 3421 593 3492 Ρ,
613 3436 682 3476 corr.
701 3436 737 3475 m.
756 3435 810 3475 ree.
899 3417 985 3490 eleis]
1003 3436 1060 3475 om.
1075 3436 1109 3485 n.

87 3491 160 3562 nn]
178 3486 264 3547 Ἢ
278 3494 309 3547 n.

912 3574 973 3632 Ὠ*
