2430 3840
368 106 643 160 anasmrroauu
660 109 770 160 amaa
789 110 834 161 vr.
1044 109 1105 173 141

540 285 656 374 aare)

112 368 113 372 =
162 410 250 488 Quae
272 411 375 476 eidem
394 412 518 497 figurae
537 411 724 480 rectilineae
743 412 866 478 similes
882 413 959 480 sunt
976 412 1109 496 figurae,

97 518 197 584 etiam
220 520 306 584 inter
329 539 363 583 se
387 516 510 582 similes
534 519 618 583 sunt.

459 621 508 688 Sit
536 623 622 687 enim
650 628 786 712 utraque
816 625 920 712 figura
942 622 1109 690 rectilinea

97 664 225 921 Q
272 746 347 881 ᾖ
391 733 478 813 Α,Β
510 730 636 824 figurae
663 731 845 849 [similis.
897 730 982 814 dico,
1011 730 1109 796 etiam

390 837 512 921 figuras
534 840 579 920 A,
595 839 625 899 Β
648 836 770 918 s1mrles
794 857 873 901 esse.

129 951 139 963 “
456 963 535 1004 nam
558 940 711 1025 quoniam
739 946 771 1004 A
799 942 921 1027 figurae
944 945 977 1006 Γ
995 944 1109 1008 similis

391 1048 450 1131 est,
477 1048 511 1110 et
538 1045 756 1130 aequiangula
783 1049 834 1110 est
866 1046 912 1131 ei,
944 1049 977 1110 et
1008 1047 1111 1113 latera

205 960 370 1283 Ἢ
393 1152 542 1237 aequales
563 1151 703 1236 angulos
718 1151 1021 1237 comprehendentia
1038 1175 1112 1238 pro·

390 1257 590 1344 portionalis
602 1256 727 1324 habent
741 1257 816 1341 [def.
834 1259 877 1340 1].
908 1280 1019 1325 rursus
1034 1280 1112 1345 quo-

96 1364 186 1431 niam
209 1369 238 1429 B
261 1364 384 1450 figurae
406 1367 440 1430 Γ
453 1365 567 1431 similis
587 1367 646 1450 est,
669 1369 702 1430 et
720 1366 934 1452 aequiangula
953 1369 1004 1431 est
1021 1367 1060 1451 ei,
1080 1369 1113 1430 et

96 1475 201 1538 latera
220 1471 369 1557 aequales
383 1472 519 1559 angulos
532 1471 838 1557 comprehendentia
854 1473 1112 1556 proportionalia

96 1581 218 1647 habent
238 1578 312 1661 [def.
335 1583 376 1662 1].
422 1581 531 1664 itaque
554 1582 691 1665 utraque
714 1580 818 1666 figura
841 1585 882 1663 A,
896 1584 925 1644 Β
949 1583 982 1645 et
1004 1579 1113 1664 aequi-

96 1689 216 1772 angula
235 1690 285 1751 est
307 1686 486 1772 figuraes,
509 1687 542 1749 et
564 1685 669 1749 latera
692 1686 842 1769 aequales
867 1687 1003 1770 angulos
1025 1707 1113 1752 com-

96 1791 329 1875 prehendentia
360 1789 617 1874 proportionalia
648 1788 779 1853 habent.
835 1810 934 1873 quare
970 1798 1002 1854 A
1025 1795 1111 1855 ΝΒ

97 1895 173 1978 [def.
195 1897 242 1977 1];
267 1893 352 1978 quod
375 1897 446 1958 erat
468 1890 765 1958 demonstrandum.

554 2084 658 2150 XXII.

166 2211 201 2278 si
238 2214 393 2298 quattuor
434 2194 541 2276 rectae
583 2211 846 2296 proportionales
884 2215 974 2296 sunt,
1015 2211 1113 2276 etiam

100 2321 225 2406 figurae
248 2319 433 2384 rectilineae
456 2318 492 2382 in
510 2317 550 2384 iis
570 2317 693 2383 similes
712 2321 745 2383 et
764 2318 914 2384 similiter
932 2317 1113 2401 descriptae

99 2423 361 2511 proportionales
391 2425 501 2507 crunt3
530 2425 564 2488 et
591 2424 620 2489 si
648 2423 772 2510 figurae
800 2424 985 2489 rectilineae
1009 2423 1044 2486 in
1072 2422 1113 2486 iis

99 2533 221 2598 similes
260 2535 293 2596 et
330 2529 479 2596 similiter
515 2530 695 2615 descriptae
730 2528 991 2616 proportionales
1028 2533 1113 2610 sunt,

103 2639 202 2704 etiam
224 2638 316 2722 ipsae
339 2639 447 2702 rectae
470 2637 733 2721 proportionales
758 2638 860 2703 erunt.

167 2743 240 2810 Sint
263 2747 415 2828 quattuor
438 2747 545 2809 rectae
567 2743 827 2828 proportionales
851 2748 930 2827 AB,
950 2744 1021 2828 ΓΛ,
1041 2747 1116 2830 ΕΖ,

98 2889 312 2896 ..n--——·--—-

172 2939 198 3004 1)
216 2939 290 2990 Nam
309 2936 405 2992 coroll.
424 2942 440 2989 2
460 2954 486 3005 p.
508 2940 568 3004 138,
589 2941 693 2992 17—28
712 2935 821 2992 Theoni
833 2934 946 2990 uidetur
960 2934 1068 3001 deberi3
1087 2953 1114 2989 u.

99 3026 126 3077 p.
147 3013 196 3061 131
216 3009 274 3062 not
294 3014 322 3074 13
351 3025 405 3062 om.
430 3005 588 3076 Campanus
616 3005 678 3076 (sed
700 3006 856 3076 isquidem
879 3005 966 3062 etiam
984 3006 1079 3062 coroll.
1100 3012 1114 3058 1

100 3076 218 3163 omisit),
242 3078 318 3133 etin
337 3078 360 3132 B
379 3077 547 3133 adscribitur
565 3093 622 3146 mg.
640 3096 678 3133 m.
692 3094 746 3133 rec.
784 3072 816 3132 la
829 3072 903 3148 aaa
922 3072 956 3131 οὗ
974 3073 1116 3147 γράφεται

99 3168 191 3203 τοῦτο.

101 3355 168 3430 ιβ’]
187 3357 238 3448 aq'
258 3377 277 3428 p
296 3361 327 3414 ct
343 3361 381 3431 F,
401 3360 451 3416 sed
469 3376 538 3416 corr.
558 3378 594 3414 m.
614 3375 669 3414 rec.
739 3363 784 3413 17.
805 3347 884 3428 ὦσιν]
904 3356 926 3410 Ρ
945 3357 974 3410 ct
987 3356 1017 3427 Β,
1037 3355 1088 3411 sed
1100 3376 1117 3410 o

101 3445 185 3494 eras.;
205 3446 256 3485 ωσι
274 3429 360 3501 nvp.
433 3436 476 3487 23.
496 3424 599 3486 εὐθεῖα
618 3431 648 3486 F.
