2430 3840
110 147 133 208 4
432 154 436 161 “
494 148 696 200 ΣΤΟΙΧΕΙΩΝ
716 142 750 200 ε’.

179 288 216 369 ζ’.
237 285 338 356 Ὅταν
362 288 400 356 δὲ
422 291 490 356 τόν
515 288 623 368 ίσάπις
645 293 904 356 πολλαπλασίων
927 285 965 354 τὸ
984 287 1046 373 μὲν
1064 293 1130 357 τοῦ
1198 300 1200 307 ’

113 393 248 482 πρώτου
289 393 541 463 πολλαπλάσιον
582 392 726 482 ὑπερέχῃ
767 399 828 462 τοῦ
865 399 925 462 τοῦ
967 394 1131 481 δευτέρου

114 506 380 585 πολλαπλασίου,
412 499 450 568 τὸ
486 501 524 567 δὲ
555 504 616 568 τοῦ
649 506 765 587 τρίτου
797 501 1049 569 πολλαπλάσιον
1082 501 1131 588 μὴ

112 603 254 696 ὑπερέχῃ
287 611 349 674 τοῦ
381 610 443 674 τοῦ
479 605 638 694 τετάρτου
675 613 940 693 πολλαπλασίου,
977 607 1051 675 τότε
1088 606 1130 676 τό

77 717 246 798 επριότον
283 710 366 801 πρὸς
397 712 435 780 τό
470 712 629 797 δεύτερον
666 721 830 800 μείζονα
866 712 988 799 λόγον
1021 717 1130 799 ἔχειν

113 819 257 904 λέγεται,
280 818 364 905 ἡπερ
387 817 424 887 τό
449 825 566 906 τρίτον
591 818 675 907 πρὸς
698 819 734 889 τὸ
759 823 929 909 τέταρτον.

178 924 224 1011 η’.
245 922 451 1011 Ἀναλογία
480 925 517 994 δὲ
541 929 578 995 ἐν
601 929 711 1015 τρισὶν
735 925 828 1015 ὅροις
851 929 1003 1014 ἐλαχίστη
1028 928 1132 999 ἐστίν.

179 1031 227 1102 θ’.
243 1030 344 1102 Ὅταν
369 1033 406 1102 δὲ
429 1041 505 1122 τρία
528 1036 657 1122 μεγέθη
682 1032 852 1119 άνάλογον
875 1024 913 1122 ἡ,
936 1030 1130 1117 τὸπρῶτον

112 1136 196 1225 πρὸς
232 1138 269 1209 τὸ
306 1147 420 1228 τρίτον
459 1146 701 1210 διπλασίονα
737 1139 841 1225 λόγον
875 1144 962 1227 ἔχειν
999 1141 1131 1224 λέγεται

64 1259 95 1308 10
113 1246 198 1336 ἡπερ
222 1247 306 1336 πρὸς
327 1247 366 1315 τὸ
391 1248 559 1335 δεύτερον.

179 1352 214 1420 ι’.
230 1351 332 1420 Ὅταν
357 1351 395 1419 δὲ
417 1353 561 1437 τέσσαρα
584 1354 710 1437 μεγέθη
735 1350 906 1437 άνάλογον
924 1345 962 1440 ἡ,
984 1350 1022 1419 τὸ
1042 1355 1129 1437 πριό-

111 1484 172 1525 τον
205 1454 288 1543 πρὸς
323 1455 360 1523 τὸ
399 1457 558 1544 τέταρτον
595 1460 862 1542 τριπλασίονα
899 1457 1003 1542 λόγον
1041 1463 1129 1543 ἔχειν

111 1563 242 1648 λέγεται
265 1559 349 1647 ἤπερ
372 1558 455 1648 πρὸς
477 1559 514 1628 τό
541 1560 716 1647 δεύτερον,
739 1560 795 1626 καὶ
819 1557 871 1628 άελ
895 1562 970 1647 ἑξῆς
993 1560 1128 1649 ὁμοίως,

88 1750 90 1754 Ι
113 1695 158 1748 ως
180 1663 224 1734 άν
247 1665 269 1754 ἡ
292 1664 457 1751 άναλογία
479 1663 625 1754 ὑπάρχη.

63 1793 94 1843 15
181 1772 239 1841 ια’.
258 1769 450 1859 Ὁμόλογα
483 1773 608 1858 μεγέθη
638 1772 767 1857 λέγεται
794 1770 834 1839 τά
865 1771 926 1857 μὲν
957 1770 1129 1858 ἡγούμενα

112 1893 183 1958 τοῖς
204 1877 406 1967 ἡγουμένοις
428 1878 468 1948 τά
493 1880 530 1949 δὲ
550 1878 696 1965 ἑπόμενα
718 1892 788 1959 τοῖς
812 1880 994 1966 ἑπομένοις.

181 1985 237 2075 ιβ’.
259 1983 449 2069 Ἐναλλὰξ
478 1985 597 2074 λόγος
625 1987 694 2054 ἐστὶ
722 1990 823 2072 λὴψις
850 1989 911 2054 τοῦ
937 1983 1130 2072 ἡγουμένου

113 2093 197 2181 πρὸς
211 2093 249 2161 τὸ
268 2092 459 2179 ἡγούμενον
478 2093 609 2160 καὶτοῦ
624 2093 790 2179 ἑπομένου
804 2091 887 2179 πρὸς
901 2091 938 2159 τὸ
954 2092 1129 2178 ἑπόμενον.

181 2198 236 2284 ιγ’.
256 2196 470 2265 Ἀνάπαλιν
502 2197 619 2283 λόγος
648 2198 718 2266 ἐστὶ
748 2201 848 2283 λὴψις
875 2201 936 2265 τοῦ
960 2199 1129 2285 ἑπομένου

64 2325 95 2374 20
113 2332 159 2385 ως
181 2301 374 2390 ἡγουμένου
396 2301 480 2389 πρὸς
502 2301 540 2372 τὸ
565 2299 759 2389 ἡγούμενον
782 2301 828 2383 ὡς
852 2303 1027 2390 ἑπόμενον.

180 2409 237 2477 ιδ’.
261 2408 465 2487 Σύνθεσις
487 2408 609 2495 λόγου
634 2410 702 2476 ἐστὶ
726 2413 827 2496 λὴψις
855 2414 917 2478 τοῦ
935 2408 1128 2496 ἡγουμένου

113 2515 194 2602 μετὰ
223 2519 284 2585 τοῦ
315 2517 480 2602 ἑπομένου
504 2513 548 2594 ὡς
572 2514 649 2594 ἑνὸς
672 2513 757 2602 πρὸς
781 2512 863 2584 αὐτό
887 2513 924 2583 τὸ
955 2516 1131 2602 ἑπόμενον.

186 2735 210 2784 7.
229 2730 303 2785 Ηετο
330 2730 384 2785 def.
410 2736 473 2796 125,
497 2737 522 2786 ὁ.
619 2736 643 2785 8.
668 2729 742 2785 Hero
766 2729 820 2784 def.
846 2734 905 2785 124.
1003 2736 1025 2783 9.
1055 2728 1130 2785 Hero

113 2799 166 2854 def.
182 2805 252 2869 125,
272 2807 296 2854 1.
388 2807 429 2855 11.
450 2801 524 2856 Hero
543 2801 597 2856 def.
619 2807 678 2857 126.
770 2806 811 2855 12.
831 2800 906 2854 Hero
930 2799 984 2854 def.
1013 2806 1078 2870 127,
1105 2807 1130 2856 6.

151 2876 192 2924 13.
211 2870 286 2926 Hero
305 2872 358 2927 def.
382 2877 446 2940 127,
465 2878 489 2926 2.
573 2878 614 2925 14.
633 2872 708 2925 Hero
727 2871 782 2927 def.
803 2877 867 2937 127,
887 2877 912 2925 3.

185 3044 422 3118 2.όιτερε’χ,ειΡ
446 3047 586 3102 sedcorr.
610 3053 696 3103 m.1.
769 3044 1028 3135 4.vb]supram
1055 3049 1128 3103 1V.

114 3117 183 3173 Post
206 3119 261 3174 def
282 3125 371 3188 7εεη.
392 3090 530 3186 άναλογία
549 3117 581 3174 δέ
602 3114 712 3187 έστινὴ
736 3120 792 3173 τεόν
815 3115 943 3188 λόγων
931 3115 1064 3189 ομοιότης
1083 3119 1128 3189 Pp

119 3189 150 3244 εί
168 3189 194 3244 V
213 3189 280 3260 (del
299 3187 426 3260 punctis,
451 3188 501 3243 sed
523 3193 628 3259 puncta
650 3192 754 3260 erasa);
780 3207 834 3245 om.
853 3190 917 3259 PB,
940 3191 1028 3259 Hero,
1052 3191 1131 3246 Cam-

117 3277 218 3382 Banna.
310 3266 333 3314 7.
353 3259 456 3330 τρισίν]
486 3278 537 3314 ισ-
565 3261 594 3315 in
618 3278 670 3316 ras
694 3267 771 3317 1112
796 3261 829 3315 V.
910 3233 1073 3331 ἐλαχίστοις
1096 3263 1130 3316 V.

146 3332 181 3386 ef.
202 3337 235 3386 10
255 3347 308 3386 om.
327 3329 430 3384 Heron.
504 3339 546 3388 12.
564 3329 609 3404 τό]
629 3349 683 3387 om.
702 3332 732 3387 P.
805 3333 1000 3421 τριπλασίονα]
1024 3352 1080 3399 τρι·
1101 3333 1132 3386 in

117 3417 214 3470 τηεμ
289 3407 330 3456 13.
347 3395 408 3486 αεὶ]
425 3399 553 3460 αλε177
617 3399 766 3458 καῑάεί-
778 3409 824 3457 14:
839 3399 916 3471 όπάρ
918 3405 965 3475 η]
981 3421 1035 3458 om
1051 3403 1131 3458 Cam·

117 3486 216 3538 panus.
288 3478 329 3526 13.
346 3465 511 3543 ὁμοίως]Ρ;
528 3471 570 3530 ἕνλ
584 3476 698 3536 πλείους
712 3473 809 3527 Theon
824 3425 958 3544 (BFVp).
1024 3480 1065 3528 14.
1080 3468 1131 3544 ὡς]
