2430 3840
362 130 637 186 ELEMENTORUM
655 135 763 185 LIBER
781 136 841 187 VII.
1045 132 1108 199 231

548 310 646 396 XX.¹)

164 435 299 501 Numeri
323 437 449 501 minimi
473 458 598 520 eorum,
626 437 682 520 qui
706 435 842 500 eandem
867 457 904 500 eo
926 435 989 519 ipsi
1012 436 1110 501 retio-

95 563 170 606 nem
193 541 329 622 habent,
357 564 510 608 numeros
535 541 669 605 eandem
693 543 852 608 rationem
875 541 1033 607 habentes
1058 563 1110 607 ae-

97 649 239 732 qualiter
257 649 446 732 metiuntur,
466 647 572 713 maior
590 648 746 714 maiorem
765 653 798 714 et
816 649 924 714 minor
943 649 1111 714 minorem.

98 823 115 832 ,
327 751 401 818 Sint
425 755 510 818 enim
524 756 595 837 ΓΛ,
610 758 673 818 ΕΖ
692 755 818 820 minimi
841 755 967 820 numeri
992 776 1112 838 eorum,

105 838 107 920 i
259 861 314 945 qui
343 861 478 925 eandem
510 859 672 924 rationem
704 860 838 944 hebent,
872 882 971 945 quam
1004 865 1050 944 A,
1073 864 1111 925 Β.

188 1003 209 1052 B
259 967 344 1051 dieo,
377 970 440 1031 ΓΛ
472 957 641 1030 numerum
673 971 706 1030 A
729 969 762 1030 et
784 970 847 1030 ΕΖ
878 949 1049 1032 numemm
1083 971 1111 1031 B

116 1127 137 1175 A
259 1073 437 1157 aequaliter
460 1072 577 1136 metiri.

169 1255 188 1263 -
326 1199 402 1242 nam
426 1179 487 1241 ΓΛ
510 1177 634 1241 numeri
657 1180 690 1239 A
712 1198 778 1242 non
802 1180 850 1241 est
873 1183 993 1262 partes.
1034 1202 1111 1246 nom

105 1178 109 1462 Ι
261 1282 289 1347 si
317 1283 387 1347 fieri
412 1286 530 1368 potest,
554 1282 605 1346 sit
648 1303 746 1366 quere
767 1283 866 1346 etiam
895 1288 957 1348 ΕΖ
985 1287 1112 1351 numeri

261 1393 289 1453 Β
318 1389 447 1454 eaedem
480 1392 588 1473 partes
619 1392 709 1472 sunt,
742 1410 824 1472 quae
848 1392 909 1454 ΓΔ
932 1392 1058 1454 numeri
1080 1399 1112 1456 A

261 1497 366 1580 [prop.
384 1493 473 1579 XIII,
493 1494 553 1560 def.
573 1495 640 1577 20].
679 1495 789 1579 itaque
810 1500 890 1579 quot
905 1498 1027 1562 suntin
1049 1502 1112 1563 ΓΔ
1175 1580 1177 1583 .

120 1653 145 1703 P
169 1661 214 1712 -E
259 1606 378 1701 partes
392 1602 517 1667 numeri
541 1607 587 1684 A,
609 1604 661 1667 tot
685 1602 783 1666 etiam
807 1605 885 1666 sunt
908 1603 942 1666 in
967 1607 1029 1667 ΕΖ
1051 1626 1111 1670 nu-

169 1696 189 1843 p
260 1711 340 1774 meri
356 1712 384 1772 Β
398 1711 518 1792 partes.
551 1707 716 1772 diuidetur
730 1709 792 1772 ΓΔ
806 1709 841 1771 in
857 1710 932 1791 PH,
946 1713 1020 1774 HA
1038 1732 1112 1795 per-

190 1809 214 1861 Θ
259 1818 309 1877 tes
332 1813 458 1876 numeri
482 1815 523 1892 A,
542 1814 605 1873 ΕΖ
629 1815 738 1876 eutem
762 1812 798 1874 in
821 1815 893 1896 ΕΘ,
911 1817 972 1877 ΘΖ
1002 1820 1111 1897 partes

189 1960 210 2009 Z
259 1909 393 1981 numeri
411 1919 449 1979 Β.
496 1914 559 1977 erit
580 1914 680 1998 igitur
703 1914 878 1980 multitudo
903 1938 1111 1985 numerorum

260 2025 342 2104 ΓΗ,
364 2023 438 2083 HA
474 2019 694 2084 multitudini
715 2042 925 2086 numerorum
956 2027 1032 2108 ΕΘ,
1051 2029 1113 2090 ΘΖ

97 2112 142 2160 ’Δ
260 2126 414 2212 aequalis.
439 2130 472 2190 et
486 2126 638 2210 quoniam
650 2128 723 2190 ΓΗ
729 2157 771 2180 ι--·
781 2130 856 2190 HA
870 2130 903 2192 et
916 2132 980 2193 ΕΘ
989 2159 1032 2182 =
1042 2134 1112 2216 ΘΖ,

99 2238 131 2299 et
158 2235 333 2299 multitudo
355 2253 563 2298 numerorum
592 2235 668 2318 ΓΗ,
691 2236 765 2298 HA
788 2234 931 2319 aequalis
955 2241 1005 2301 est
1031 2238 1112 2303 mul-

96 2341 230 2407 titudini
254 2337 464 2404 numerorum
487 2341 564 2420 ΕΘ,
586 2342 661 2422 ΘΖ,
686 2339 748 2404 erit

396 2447 814 2509 PH2Eo=HA:oz.

98 2575 196 2638 quare
220 2552 320 2617 etiem
343 2555 379 2615 ut
402 2551 485 2616 unus
508 2549 771 2634 praecedentium
794 2550 835 2614 ad
858 2572 958 2615 unum
980 2573 1114 2635 sequen·

97 2660 188 2743 tium,
206 2661 253 2724 ite
272 2679 383 2723 omnes
397 2654 625 2740 praecedentes
641 2655 681 2719 ad
696 2677 807 2738 omnes
824 2659 993 2738 sequentes
1009 2659 1114 2741 [prop.

101 2763 191 2844 XIIJ.
237 2784 336 2849 quare
365 2764 436 2826 PH
446 2763 772 2825 :no=rA:EZ.
818 2761 927 2845 itaque
950 2765 1030 2848 ΓΗ,
1054 2769 1117 2828 ΕΘ

72 1843 181 1984 Χ-Ηι

171 2959 197 3027 1)
216 2955 259 3010 De
271 2952 461 3025 propositione
475 2951 521 3007 hio
535 2951 640 3008 omisso
653 2951 723 3007 haee
737 2953 823 3008 hebet
836 2953 994 3024 Campanus
1004 2954 1064 3022 VII,
1079 2960 1114 3009 20

100 3027 178 3083 adn:
197 3042 255 3082 non
272 3025 407 3095 proponit
424 3025 522 3079 eutem
540 3021 671 3078 Euclides
685 3023 720 3077 de
738 3024 828 3078 tribus
846 3025 969 3080 numeris
984 3026 1115 3080 continue

117 3095 370 3167 roportionnlibus,
390 3095 465 3164 quod
482 3093 532 3149 ille
551 3093 648 3162 quiex
663 3094 750 3149 ductu
767 3093 852 3164 primi
869 3095 899 3149 in
918 3094 1035 3150 tertium
1052 3112 1115 3166 pro·

97 3118 223 3236 innitur,
248 3166 286 3222 sit
309 3164 437 3236 aequalis
456 3165 595 3234 quadrato
618 3164 718 3230 medii,
742 3164 880 3220 etsiille
899 3165 1002 3234 quiex
1023 3168 1115 3235 primo

97 3240 129 3294 in
149 3238 267 3295 tertium
289 3236 466 3306 produeItur,
493 3234 580 3290 fuerit
603 3234 730 3303 aequalis
750 3235 888 3304 quadrato
911 3236 1010 3303 medii,
1039 3236 1116 3318 quod

98 3310 143 3377 illi
160 3313 218 3365 tres
236 3308 347 3364 numeri
365 3307 422 3364 sint
440 3306 572 3363 continue
590 3304 827 3376 proportionales,
847 3306 920 3360 sieut
937 3309 1072 3375 propomt
1085 3307 1116 3360 in

100 3387 133 3435 16
156 3379 229 3436 sexti
251 3378 286 3433 de
314 3379 405 3434 tribus
429 3378 520 3433 lineis.
557 3378 611 3432 hoe
634 3375 708 3431 enim
733 3375 816 3431 feeile
835 3376 1043 3430 demonstratur
1064 3393 1116 3447 per

97 3452 171 3506 hano
189 3457 224 3506 20
242 3451 307 3504 cett.
