2430 3840
120 165 182 228 162
498 165 700 218 ΣΤΟΙΧΕΙΩΝ
719 159 761 217 ς’.

594 385 659 443 αὴ.

185 481 296 572 Παρά
334 482 406 569 τὴν
445 488 640 550 δοθεῖσαν
679 480 846 550 εὐθεῖαν
873 485 933 574 ,τῷ
973 483 1136 550 δοθέντι

118 587 387 681 εὐθυγράμμῳ
431 597 520 657 ἴσον
560 587 977 676 παραλληλόγραμμον
1015 611 1138 674 παρα-

118 703 255 782 βαλεῖν
275 697 461 764 ἐλλεῖπον
480 699 580 763 εῖδει
599 693 998 784 παραλληλογράμμῳ
1015 690 1137 784 ὁμοίῳ

82 823 97 871 5
117 807 167 893 τῷ
193 802 370 869 δοθέντι·
396 807 458 869 δεῖ
480 802 522 869 δὲ
544 799 585 869 τὸ
607 800 826 887 διδόμενον
845 798 1138 888 εὐθύγραμμον

118 899 159 999 [ᾧ
189 912 251 975 δεῖ
276 906 367 976 ἴσον
394 912 657 997 παραβαλεῖν]
687 906 735 993 μὴ
765 912 898 992 μεῖζον
927 904 1033 975 εἶναι
1066 906 1154 975 τοῦ·

117 1010 190 1081 ἀπὸ
224 1017 291 1099 τῆς
323 1011 506 1102 ἡμισείας
538 1012 877 1101 ἀναγραφομένου
912 1010 1054 1101 ὁμοίου
1086 1018 1136 1106 τῷ
1178 1008 1182 1015 ’

117 1123 347 1208 ἐλλείμματι
373 1125 456 1204 [τού
479 1146 518 1188 τε
542 1118 616 1187 ἀπὸ
641 1123 708 1205 τὴς
733 1115 917 1207 ἡμισείας
939 1121 1004 1187 καί
1028 1111 1055 1212 ᾦ
1076 1125 1139 1187 δεῖ

118 1227 263 1313 ὅμοιον
287 1229 512 1315 ἐλλείπειν].

67 1353 99 1402 10
176 1332 285 1401 Ἔστω
310 1331 330 1420 ἡ
355 1332 417 1427 μὲν
442 1337 584 1400 δοθεῖσα
608 1330 726 1400 εὐθεῖα
749 1331 770 1419 ἡ
793 1340 875 1419 ΑΒ,
905 1331 943 1401 τὸ
968 1331 1005 1400 δὲ
1030 1331 1137 1400 δοθὲν

118 1439 377 1525 εὐθύγραμμον,
402 1429 429 1529 ᾦ
454 1443 507 1506 δεῖ
528 1448 603 1506 ίσον
627 1436 717 1526 παρά
741 1437 803 1525 τὴν
826 1446 893 1506 AB
917 1429 1136 1527 παραβαλεῖν,

117 1544 155 1613 τὸ
180 1551 212 1613 Γ
235 1544 279 1632 μὴ
309 1550 421 1632 μεῖζον
451 1541 520 1630 [δν]
548 1549 611 1612 τοῦ
636 1545 700 1613 ἀπὸ
729 1549 787 1631 τῆς
814 1543 965 1632 ἡμισείας
987 1550 1046 1631 τὴς
1070 1552 1135 1611 ΑΒ

35 1666 36 1669 ’
119 1649 402 1739 ἀναγραφομένου
423 1648 549 1748 ὁμοίου,
561 1655 607 1743 τῷ
627 1654 827 1739 ἐλλείμματι,
847 1641 874 1744 ᾦ
894 1649 931 1718 δέ
950 1655 1003 1718 δεῖ
1016 1649 1136 1735 ὅμοιον

577 2529 669 2583 ΣΒ
855 2521 1005 2584 ΚΝ

119 2683 294 2765 ἐλλείπειν,
322 2706 359 2748 το
385 2688 431 2747 Δ·
461 2683 514 2746 δεῖ
541 2674 582 2762 δὴ
606 2675 695 2765 παρά
720 2676 783 2763 τὴν
808 2680 971 2746 δοθεῖσαν
996 2675 1135 2746 εὐθεῖαν

66 2815 99 2864 15
118 2783 180 2870 τὴν
203 2793 269 2853 ΑΒ
293 2789 339 2877 τῷ
368 2785 506 2853 δοθέντι
529 2781 759 2874 εὐθυγράμμῳ
787 2786 832 2876 τῷ
855 2789 888 2850 Γ
907 2791 983 2850 ἴσον
1011 2792 1135 2871 παραλ-

118 2890 356 2978 ληλόγραμμον
389 2896 594 2975 παραβαλεῖν
627 2893 779 2958 ἐλλεῖπον
812 2893 894 2957 εῖδει
926 2897 1134 2979 παραλληλο-

118 2996 259 3088 γράμμῳ
283 2993 389 3089 ὁμοίῳ
414 2994 487 3064 ι’ίντι
510 3000 555 3088 τῳ
580 3004 622 3063 Δ.

189 3101 371 3189 Τετμήσθω
404 3099 424 3188 ἡ
453 3109 518 3169 ΑΒ
549 3104 625 3189 δίχα
657 3101 740 3170 κατὰ
769 3100 806 3168 τὸ
835 3108 867 3168 Ε
893 3116 1047 3188 σημεῖον,
1078 3102 1134 3168 καί

119 3206 369 3296 ἀναγεγράφθω
394 3206 459 3276 ἀπὸ
483 3213 542 3294 τὴς
565 3216 628 3276 ΕΒ
652 3213 697 3299 τῷ
722 3215 755 3274 Δ
779 3203 897 3291 ὅμοιον
926 3209 982 3275 καί
1011 3206 1134 3294 ὁμοίως

192 3430 214 3479 1.
234 3418 299 3494 κη’]
320 3440 373 3478 om.
395 3423 430 3489 λς
449 3419 493 3494 λβ’
513 3441 541 3492 p.
623 3426 648 3472 2.
669 3413 801 3488 εὐθεῖαν]
826 3436 881 3542 περ.
901 3437 938 3473 m.
960 3427 973 3473 1
993 3421 1024 3474 P.
1107 3426 1132 3474 3.

119 3489 310 3561 παραβάλλειν
330 3495 363 3548 V.
457 3499 481 3549 5.
500 3492 556 3564 τῷ]
585 3485 646 3542 ὅντι
670 3487 708 3559 τῷ
727 3486 759 3542 V.
871 3487 901 3560 ἐ]
926 3488 962 3557 δή
986 3489 1132 3560 PBFVp;
