2430 3840
369 175 644 237 nnnnnunonun
661 186 771 236 mann
788 186 835 238 ix,
910 180 933 217 ⁰
1047 182 1111 247 381

549 362 654 427 XVII.

165 483 200 550 si
226 487 386 572 quotlibet
416 487 543 553 numeri
567 487 718 570 deinceps
741 485 1002 572 proportionales
1028 489 1112 569 sunt,

98 596 137 661 et,
164 594 300 658 extremi
330 616 441 658 eorum
468 594 553 658 inter
581 615 615 657 se
642 592 740 677 primi
769 596 845 656 sunt
852 641 861 674 ,
893 613 960 655 non
988 590 1050 655 erit
1079 595 1113 656 ut

97 699 227 784 primus
251 701 291 765 ad
315 701 499 784 secundum,
522 701 568 765 ita
592 703 754 764 extremus
779 699 819 763 ad
845 698 945 762 alium
964 697 1113 781 aliquem.

98 844 240 894 ,-„,A
277 843 473 894 ,„„‚„„3
672 803 745 869 Sint
786 804 947 890 quotlibet
988 803 1115 868 numeri

33 934 36 938 ·
96 949 300 1000 ,-.-.,p
595 912 745 996 deinceps
782 910 1041 996 proportionales
1074 915 1115 992 A,

99 1068 103 1104 ,
330 1070 332 1105 ,
339 1059 364 1106 A
534 1055 559 1106 E
594 1024 637 1097 Β,
656 1021 696 1102 Γ,
714 1023 761 1101 A,
790 1022 956 1083 eteorum
980 1015 1115 1081 extremi

285 1123 289 1160 ¹
556 1125 561 1160 ¹
593 1132 633 1208 A,
655 1130 689 1189 A
720 1127 805 1190 inter
838 1147 872 1190 se
908 1117 1008 1208 primi
1040 1122 1115 1187 sint.

99 1231 184 1313 dico,
207 1252 381 1317 nonesse,
404 1237 442 1297 ut
465 1238 497 1297 A
518 1233 559 1297 ad
583 1230 625 1316 B,
649 1233 696 1297 ita
720 1238 753 1296 A
777 1231 818 1296 ad
842 1230 941 1295 alium
964 1229 1114 1314 aliquem.

165 1334 252 1402 Nam
280 1340 308 1403 si
340 1339 411 1404 fieri
440 1342 564 1425 potest,
600 1340 643 1403 sit
671 1344 703 1403 A
717 1343 767 1403 :B
785 1343 875 1401 =A
890 1360 898 1401 z
914 1340 951 1400 Ε.
1004 1336 1114 1420 itaque

102 1444 315 1526 permutando
340 1451 372 1510 A
391 1450 451 1509 :A
470 1476 512 1498 =
531 1449 560 1509 Β
580 1468 587 1509 :
607 1449 639 1508 E
661 1445 838 1529 [VII,13].
885 1463 996 1507 uerum
1018 1447 1061 1524 A,
1082 1447 1115 1506 A

102 1549 198 1632 primi
232 1554 320 1629 sunt,
357 1552 456 1634 primi
490 1555 597 1617 autem
629 1551 726 1616 etiam
760 1549 888 1615 minimi
921 1548 1016 1632 [VII,
1043 1549 1114 1631 21],

106 1655 232 1719 minimi
257 1661 364 1722 autem
387 1657 513 1723 numeri
537 1679 606 1741 eos,
629 1657 684 1741 qui
708 1656 844 1721 eandem
868 1656 1030 1720 rationem
1057 1656 1114 1719 ha-

101 1761 189 1844 bent,
213 1763 391 1847 aequaliter
409 1765 593 1828 metiuntur
612 1761 698 1843 [VIL
718 1762 785 1845 20],
807 1760 1000 1845 praecedens
1024 1782 1115 1846 prae-

106 1866 273 1930 cedentem
296 1871 329 1931 et
353 1890 490 1951 sequens
515 1871 711 1951 sequentem.
757 1868 866 1950 itaque
890 1871 923 1930 A
945 1887 1114 1930 numerum

103 1974 131 2034 Β
161 1972 302 2036 metitur.
349 1976 399 2037 est
426 1975 535 2036 autem
563 1978 595 2037 A
613 1994 621 2035 z
640 1976 668 2036 B
684 2002 726 2024 =
741 1976 769 2036 B
785 1996 793 2037 ε
808 1975 844 2037 Γ.
890 1993 988 2057 quare
1016 1973 1114 2036 etiam

103 2082 132 2142 Β
161 2099 331 2141 numerum
359 2080 391 2142 Γ
420 2079 554 2142 metitur
577 2078 655 2159 [VII
678 2078 739 2143 def.
763 2078 830 2160 20].
877 2077 987 2162 itaque
1015 2080 1115 2143 etiam

107 2189 140 2248 A
158 2204 327 2248 numerum
347 2187 380 2249 Γ
393 2185 536 2249 metitur.
573 2189 606 2249 et
625 2185 778 2270 quoniam
797 2188 846 2249 est
865 2186 1061 2250 B:F=P:
1073 2190 1115 2269 A,

108 2295 141 2356 et
163 2296 192 2356 Β
214 2313 384 2356 numerum
407 2294 439 2356 Γ
459 2293 605 2376 metitur,
628 2291 727 2356 etiam
750 2295 782 2356 Γ
801 2313 970 2356 numerum
995 2296 1029 2355 A
1051 2313 1114 2355 me

103 2399 185 2463 titur
206 2397 283 2480 [VII
302 2397 363 2463 def.
378 2399 445 2480 20].
482 2420 595 2463 uerum
614 2404 646 2463 A
668 2420 837 2463 numerum
860 2401 892 2463 Γ
911 2398 1115 2464 metiebatur.
1162 2412 1165 2420 '

110 2527 209 2589 quare
238 2505 335 2568 etiam
363 2526 532 2569 numerum
562 2509 595 2568 A
621 2504 762 2571 met'tur.
811 2526 924 2569 uerum
953 2503 1051 2568 etiam
1081 2524 1115 2567 se

107 2611 213 2696 ipsum
237 2611 379 2674 metitur.
421 2610 530 2693 itaque
555 2615 587 2674 A
607 2631 759 2675 numeros
782 2616 824 2694 A,
842 2616 877 2674 A
899 2609 1038 2692 metitur,
1062 2609 1117 2692 qui

105 2717 191 2782 inter
214 2739 248 2782 se
272 2716 368 2801 primi
392 2720 481 2800 sunt,
505 2716 590 2802 quod
613 2717 684 2780 fieri
707 2737 773 2780 non
796 2719 913 2800 potest.
950 2736 1026 2801 ergo
1050 2737 1114 2780 non

105 2824 168 2888 erit
190 2827 227 2888 ut
250 2829 282 2888 A
304 2824 344 2889 ad
367 2827 410 2906 Β,
440 2823 487 2888 ita
510 2827 544 2886 A
566 2822 606 2887 ad
630 2822 728 2887 alium
756 2822 910 2906 aliquem,
939 2823 1023 2908 quod
1047 2825 1116 2886 erat

105 2930 402 2996 demonstrandum.
982 2948 984 2952 ’

549 3069 670 3136 XVIII.

173 3178 267 3243 Datis
287 3178 415 3243 duobus
440 3177 592 3255 numeris,
615 3199 694 3241 num
716 3176 786 3240 fieri
808 3176 922 3260 possit,
944 3179 982 3241 ut
998 3175 1115 3240 tertius

106 3303 217 3348 eorum
239 3285 494 3370 proportionalis
517 3283 716 3367 inueniatur,
739 3283 910 3368 inquirere.
