2430 3840
114 146 134 209 6
490 143 693 197 ΣΤΟΙΧΕΙΩΝ
712 138 747 196 ε’.

181 286 232 354 ιε’.
258 292 468 374 Διαίρεσις
496 284 619 371 λόγου
648 286 716 354 ἐστὶ
744 287 844 370 λῆψις
870 287 928 370 τῆς
951 280 1132 373 ὑπεροχῆς,

111 384 134 482 ᾖ
162 392 313 482 ὑπερέχει
341 391 378 462 τδ
407 389 599 479 ἡγούμενον
626 396 688 461 τοῦ
718 391 899 477 ἑπομένου,
932 389 1016 476 πρδς
1043 390 1130 462 αὐτὸ

113 498 151 568 τὸ
177 499 351 588 ἑπόμενον.

178 607 235 678 ις’.
256 602 505 694 Ἀναστροφὴ
517 603 630 691 ,λόγου
648 604 718 673 ἐστὶ
736 606 836 691 λῆψις
853 608 914 671 τοῦ
934 601 1130 692 ἡγουμένου

79 713 198 801 ὅπρὸς
224 712 287 799 τὴν
319 710 504 800 ὑπεροχήν,
537 702 559 800 ᾖ
592 708 744 798 ὑπερέχει
775 708 813 777 τὸ
847 707 1037 798 ἡγούμενον
1065 717 1132 795 τοῦ

114 820 289 906 ἑπομένου.

180 925 232 1007 ιζ’.
257 923 320 994 Δι’
342 934 433 994 ίσου
452 924 551 1013 λόγος
570 925 637 994 έστὶ
657 923 823 993 πλειόνων
842 921 952 992 ὄντων
971 931 1130 1011 μεγεθῶν

111 1033 167 1101 καὶ
183 1031 311 1107 Ιάλλιιν
344 1031 460 1115 αὐτοῖς
493 1041 577 1103 ίσων
608 1030 645 1102 τὸ
674 1036 804 1120 πλῆθος
833 1030 963 1100 σύνδυο
999 1038 1128 1118 λαμβα-

112 1141 265 1228 νομένων
293 1141 361 1217 ιιαλ,
378 1144 415 1210 έν
442 1144 487 1234 τῷ
520 1137 610 1233 αὐτῷ
638 1139 744 1231 λόγῳ,
772 1137 855 1208 ὅταν
881 1129 902 1227 ᾖ
927 1135 971 1218 ῶς
995 1140 1031 1206 ἐν
1054 1152 1130 1219 τοῖς

64 1259 92 1307 [0
112 1246 256 1334 πρώτοις
278 1247 434 1334 μεγέθεσι
457 1245 495 1312 τὸ
519 1250 654 1332 πρῶτον
676 1243 759 1331 πρὸς
781 1243 819 1312 τὸ
845 1249 999 1331 ἔσχατον,
1018 1241 1129 1325 οὕτως

111 1355 148 1420 ἐν
171 1365 241 1430 τοῖς
264 1352 431 1437 δευτέροις
453 1350 609 1436 μεγέθεσι
632 1347 669 1416 τὸ
693 1353 826 1435 πρῶτον
849 1343 932 1433 πρὸς
959 1348 996 1418 τὸ
1027 1354 1123 1436 ἔσχα-

110 1478 185 1523 τον·
208 1451 229 1541 ἢ
250 1453 372 1536 άλλως·
417 1459 528 1541 Λῆψις
550 1457 619 1522 τῶν
649 1451 763 1540 άιιραν
797 1453 877 1520 καθ’
909 1452 1121 1539 ὑπεξαίρεσιν

112 1565 180 1630 τῶν
203 1562 324 1648 μέσαν.
681 1613 683 1617 .

178 1668 235 1755 ιη’.
263 1668 542 1755 Τεταραγμένη
585 1665 628 1734 δέ
669 1663 864 1751 ἀναλογία
901 1667 1004 1751 ἐστίν,
1042 1663 1125 1734 ὅταν

64 1788 93 1837 16
112 1779 215 1863 τριῶν
249 1773 359 1845 ὄντων
388 1776 543 1859 μεγεθῶν
575 1772 631 1840 καὶ
668 1769 780 1840 ἄλλων
817 1770 931 1851 αὐτοῖς
963 1779 1048 1840 ίσων
1084 1772 1122 1841 τὸ

112 1885 243 1968 πλῆθος
270 1886 403 1967 γίνηται
431 1877 475 1962 ῶς
507 1879 569 1967 μὲν
601 1881 638 1950 έν
671 1893 742 1960 τοῖς
773 1879 917 1964 πράτοις
945 1880 1124 1966 μεγέθεσιν

111 1985 302 2076 ἡγούμενον
330 1986 414 2076 πρὸς
442 1987 622 2075 ἑπόμενον,
654 1986 760 2069 οὕτως
791 1990 828 2057 ἐν
857 2000 927 2066 τοῖς
958 1987 1125 2073 δευτέροις

111 2097 290 2182 μεγέθεσιν
317 2091 507 2180 ἡγούμενον
535 2093 618 2182 πρὸς
642 2093 823 2181 ἑπόμενον,
854 2091 899 2172 ῶς
927 2092 965 2160 δὲ
988 2095 1025 2159 έν
1053 2105 1124 2171 τοῖς

111 2200 256 2286 πράτοις
278 2201 456 2287 μεγέθεσιν
480 2200 645 2287 ἑπόμενον
668 2197 751 2288 πρὸς
773 2197 856 2266 άλλο
879 2223 927 2282 τι,
956 2194 1062 2276 οὕτως
1086 2199 1123 2264 ἐν

64 2321 95 2370 εο
113 2320 184 2387 τοῖς
207 2307 375 2396 δευτέροις
398 2305 480 2375 άλλο
498 2332 529 2373 τι
553 2304 636 2394 πρὸς
654 2302 859 2394 ἡγούμενον.

619 2482 628 2506 ι

483 2536 490 2545 ‚
594 2511 638 2551 α.

175 2590 263 2661 Ἐὰν
299 2584 320 2681 ᾗ
359 2590 563 2661 ὁποσαοῦν
600 2592 750 2677 μεγέθη
785 2587 1024 2658 ὁποσωνοῦν
1061 2616 1124 2675 με-

110 2703 243 2783 γεθῶν
265 2706 363 2766 ίσων
385 2699 423 2767 τὸ
443 2702 598 2786 πλῆθος
617 2698 782 2765 ἕκαστον
802 2694 969 2763 ἑκάστου
989 2694 1122 2776 ίσάιιις

110 2804 424 2890 πολλαπλάσιον,
457 2802 704 2873 ὁσαπλάσιόν
737 2807 847 2872 ἐστιν
880 2806 921 2870 ἓν
952 2806 1029 2871 τῶν
1061 2831 1124 2890 με-

64 2939 93 2988 25
113 2915 248 2997 γεθῶν
267 2911 371 2996 ἑνός,
390 2909 712 2979 τοσαυταπλάσια
732 2915 841 2978 ἔσται
859 2908 982 2977 καλτδι
997 2910 1125 2978 πάντα

111 3021 189 3085 τῶν
212 3018 378 3087 πάντων.

184 3183 225 3234 15.
245 3179 320 3233 Hero
339 3177 393 3232 def.
415 3182 474 3243 127,
494 3181 520 3231 4.
593 3182 634 3231 16.
649 3177 724 3232 Hero
743 3176 798 3232 def.
808 3175 875 3243 127,
891 3181 915 3230 5.
990 3184 1030 3232 17.
1049 3176 1123 3232 Hero

112 3248 165 3305 def.
188 3256 251 3317 ιετ,
273 3256 296 3303 τ.
372 3255 414 3303 18.
433 3247 507 3301 Hero
526 3245 580 3302 def.
601 3253 665 3316 ιιι,
685 3254 719 3302 τι

111 3359 324 3371 -————-—-—-

185 3416 209 3464 1.
229 3408 260 3464 δδ
280 3403 365 3478 λόγου
383 3407 469 3473 va.
537 3400 612 3462 ἐστίν
630 3408 662 3463 Β.
734 3413 759 3461 4.
780 3403 855 3462 ἐστίν
875 3407 932 3462 BF.
1006 3411 1029 3461 7.
1050 3400 1126 3461 ἐστίν

112 3477 172 3533 PF.
248 3485 288 3533 10.
308 3476 461 3548 μεγέθεσιν
480 3471 537 3527 ΡΒ.
614 3485 655 3535 11.
675 3479 826 3549 μεγέθεσιν
845 3477 903 3534 PB.
939 3477 1008 3532 Post
1020 3477 1075 3532 def.
1092 3483 1125 3532 17
