2430 3840
370 145 644 198 mammonam
661 147 770 197 maxa
788 148 848 199 vn.
1047 145 1111 210 197

97 293 159 353 tur.
215 309 315 373 quara
348 294 382 352 A
418 289 597 353 communis
635 310 788 353 mensura
821 292 871 352 est
906 310 1114 354 numerorum

97 401 138 478 A,
155 399 194 473 Β,
212 397 249 460 Γ.
295 393 380 476 dico,
414 395 550 459 eundem
582 396 758 459 maximam
790 415 869 459 essa.
918 416 995 458 nam
1024 396 1052 458 si
1080 401 1114 459 A

97 522 302 565 numerorum
326 494 370 578 A,
391 504 434 584 Β,
453 503 485 564 Γ
503 502 645 565 maxima
667 521 820 565 mensura
843 500 1023 566 communis
1047 521 1115 564 non

99 611 158 691 est,
176 628 329 670 numerus
349 607 467 690 aliquis
485 628 621 672 numero
642 612 676 670 A
693 606 797 671 maior
815 628 965 673 numeros
980 612 1020 689 A,
1034 609 1072 688 Β,
1086 608 1120 669 Γ

97 713 258 777 metietur.
304 712 459 777 metiatur
481 717 513 776 at
536 713 580 778 sit
603 718 641 777 Ε.
686 712 752 777 iam
777 714 929 796 quoniam
951 716 984 777 E
1003 732 1115 776 numa·

96 842 150 884 ros
177 825 221 901 A,
246 821 289 902 Β,
312 820 344 882 Γ
367 820 517 903 met'tur,
548 820 647 883 eiiam
678 825 724 898 A,
747 823 776 883 Β
803 821 965 886 maiietur.
1016 837 1116 901 quara

98 926 197 990 etiam
230 923 404 987 maximam
442 945 627 988 mensuram
664 945 869 991 communem
904 944 1115 989 numerorum

101 1037 142 1112 A,
163 1034 191 1094 Β
210 1029 363 1094 metietur
382 1032 488 1114 [prop.
505 1027 539 1092 Π
557 1028 692 1109 coroll.].
731 1049 847 1098 uerum
865 1029 1009 1093 maxima
1027 1049 1115 1092 man·

100 1157 176 1199 sura
204 1136 383 1200 communis
411 1157 620 1201 numerorum
652 1137 747 1216 A,B
772 1139 823 1198 est
853 1139 895 1199 A.
944 1134 1056 1216 itaque
1086 1136 1118 1197 E

102 1241 238 1303 metitur
270 1246 304 1304 A
335 1243 440 1308 maior
472 1243 646 1325 minorem,
679 1241 764 1325 quod
796 1240 868 1305 fieri
898 1261 969 1304 non·
998 1241 1115 1323 potesi.

98 1346 210 1428 itaque
233 1366 385 1412 numeros
409 1355 452 1430 A,
471 1352 509 1434 Β,
528 1350 560 1412 Γ
577 1369 644 1412 non
667 1347 820 1412 metieiur
838 1368 991 1413 numerus
1011 1345 1116 1410 maior

97 1472 229 1517 numero
254 1457 295 1516 A.
341 1473 418 1538 ergo
442 1460 476 1518 A
503 1454 646 1518 maxima
673 1457 723 1520 est
751 1474 902 1519 mensura
930 1450 1112 1517 communis

101 1579 307 1623 numerorum
330 1566 375 1643 A,
393 1565 436 1642 Β,
455 1563 491 1625 Γ.

163 1665 229 1729 iam
262 1686 303 1729 ne
335 1666 489 1731 meiiaiur
516 1672 550 1730 A
577 1688 748 1731 numerum
777 1668 812 1731 Γ.
862 1665 934 1729 dico
962 1664 1113 1748 primum,
1150 1656 1153 1660 ⁴

100 1790 251 1834 numeros
275 1774 315 1852 Γ,
336 1776 368 1834 A
395 1793 462 1836 non
492 1793 563 1836 esse
592 1772 714 1854 primos
737 1771 825 1834 inter
848 1791 892 1834 se.
937 1791 1014 1832 nam
1038 1789 1114 1851 quo-

101 1874 191 1937 niam
214 1881 256 1956 A,
276 1880 313 1957 Β,
332 1878 365 1938 Γ
383 1876 481 1958 primi
503 1897 570 1939 non
595 1878 672 1938 suni
694 1876 782 1939 iniat
806 1896 856 1956 sa,
879 1895 1034 1938 numerus
1059 1875 1116 1938 ali-

98 1980 169 2064 quis
194 2000 248 2043 eos
271 1980 432 2046 metietur.
478 1980 533 2065 qui
557 1982 666 2043 autem
686 1984 727 2063 A,
746 1982 785 2060 B,
804 1980 837 2042 Γ
850 1978 993 2061 metitur,
1016 1979 1115 2043 etiam

97 2092 138 2169 A,
157 2089 185 2149 Β
210 2085 369 2169 metiatur,
393 2089 427 2150 et
450 2092 484 2150 A
507 2085 684 2150 maximam
703 2106 887 2150 mansuram
911 2105 1115 2149 communem

98 2213 307 2257 numerorum
334 2199 375 2276 A,
400 2197 429 2257 Β
458 2193 610 2258 meiieiur
644 2194 748 2277 [prop.
767 2190 800 2254 II
820 2192 953 2272 coroll.].
1003 2212 1116 2256 uarum

100 2299 199 2362 etiam
223 2301 255 2362 Γ
274 2299 415 2364 metitur.
462 2321 560 2383 quara
583 2320 734 2363 numeros
758 2304 806 2382 A,
825 2301 857 2363 Γ
877 2319 1032 2364 numerus
1056 2296 1114 2361 ali-

102 2404 173 2488 quis
197 2391 358 2469 maiieiur.
402 2406 513 2490 itaqua
536 2409 578 2488 A,
597 2408 631 2469 Γ
653 2405 752 2489 primi
773 2426 840 2470 non
864 2407 940 2468 suni
962 2404 1049 2468 inter
1072 2425 1117 2468 aa.

99 2513 247 2574 sumatur
282 2512 384 2597 igitur
417 2532 527 2576 eorum
563 2511 708 2576 maxima
744 2530 897 2574 mansura
933 2508 1115 2572 communis

98 2620 130 2679 E
147 2619 251 2701 [prop.
270 2617 327 2698 II].
368 2620 401 2681 ei
421 2617 574 2701 quoniam
594 2620 626 2681 E
642 2617 776 2681 metitur
796 2620 836 2698 A,
855 2616 1012 2679 Aauiem
1028 2621 1071 2696 A,
1086 2619 1115 2677 Β

100 2723 246 2805 metitur,
270 2724 368 2788 eiiam
392 2727 424 2786 E
444 2723 579 2787 meiiiur
600 2729 643 2805 A,
663 2726 699 2787 Β.
745 2743 857 2786 uerum
877 2721 976 2786 eiiam
999 2723 1031 2785 Γ
1050 2743 1116 2785 me·

97 2828 186 2892 titur.
233 2832 265 2891 E
289 2829 391 2913 igitur
415 2834 457 2910 A,
476 2832 516 2914 B,
534 2831 567 2892 Γ
591 2828 733 2893 metitur.
784 2849 882 2912 quare
910 2832 942 2891 E
966 2848 1116 2892 numero-

97 2957 170 2998 rum
194 2940 234 3017 A,
256 2938 295 3015 B,
314 2937 346 2998 Γ
365 2932 548 2998 eommunis
572 2936 622 2997 est
641 2954 801 2996 mansura.
846 2933 913 2997 iam
932 2932 1016 3016 dieo,
1040 2955 1115 2997 eun·

98 3040 169 3105 dem
198 3041 371 3104 maximam
400 3060 479 3103 esse.
523 3061 600 3103 nam
632 3040 661 3103 si
684 3044 716 3103 E
736 3061 944 3104 numerorum
968 3045 1011 3120 A,
1029 3041 1068 3121 Β,
1088 3040 1120 3102 Γ

102 3216 1115 3226 —..--..-———-———-—--—--———-—-————-—

98 3319 142 3372 bis
161 3319 192 3373 F.
266 3317 316 3391 nai
335 3312 350 3370 ὁ
369 3319 394 3370 Ε
414 3313 470 3386 ἄρα
488 3313 555 3379 τοὺς
572 3321 609 3387 A,
629 3321 650 3370 Β
670 3316 781 3397 μετρεῖ]
801 3334 856 3385 mg.
876 3333 913 3373 m.
932 3321 948 3369 2
967 3315 999 3370 B.
1072 3322 1114 3371 23.

101 3388 142 3459 Γ]
161 3389 256 3443 insert.
275 3407 312 3442 m.
331 3404 386 3441 rec.
405 3387 436 3443 B.
518 3384 629 3459 κοινόν]
648 3388 691 3442 b1s
709 3388 747 3454 P,
766 3385 824 3441 sed.
843 3403 913 3442 corr.
999 3392 1042 3441 24.
1062 3382 1116 3458 δή]

101 3474 156 3514 om.
175 3461 205 3514 P.
279 3464 321 3513 25.
341 3454 390 3528 τό]
410 3475 464 3514 om.
484 3477 511 3527 p.
