2430 3840
363 187 637 239 nnuuuurouuu
655 189 764 239 urnula
781 190 855 240 vm.
1044 186 1109 252 299

98 353 197 416 quare
221 332 318 395 etiam
345 333 788 395 E:Z=Z:(r)=t⁴):M.
826 352 939 395 uerum
960 333 1109 394 M=A.

97 439 206 522 itaque
239 437 300 500 erit
328 441 379 500 E:
396 441 424 500 Z
439 468 480 489 =
496 441 523 500 Z
538 460 545 501 :
560 440 588 499 Θ
604 465 645 488 =-
660 440 688 499 Θ
702 459 710 500 :
724 442 765 499 A.
811 436 923 500 eadem
951 436 990 500 de
1012 457 1110 500 eausa

98 545 196 607 etiam
219 548 271 607 E:
289 545 380 606 H=
395 545 451 607 H:
467 547 497 606 A
513 573 555 595 =
572 546 602 605 A
617 565 625 605 :
639 545 677 606 Β.
716 562 794 626 ergo
818 549 898 626 quot
916 542 1001 606 inter
1019 547 1062 624 A,
1080 546 1109 606 Β

99 650 273 715 seeundum
307 649 550 734 proportionem
587 649 777 713 continuam
809 649 995 732 interpositi
1033 653 1110 713 sunt

97 757 239 839 numeri,
262 755 400 820 totidem
427 755 526 818 etiam
559 753 645 817 inter
676 754 824 839 singulos
852 757 946 836 A,B
979 757 1011 818 et
1040 755 1109 817 uni-

97 866 199 928 tatem
233 866 266 926 Β
296 860 472 926 secundum
508 860 753 943 proportionem
786 860 974 924 continuam
1011 860 1109 924 inter-

99 970 199 1053 positi
223 972 298 1033 sunt
321 967 461 1050 numeri,
485 965 569 1050 quod
594 969 665 1030 erat
687 964 984 1030 demonstrandum.

587 1176 626 1242 X.

166 1301 199 1367 si
231 1303 316 1367 inter
348 1301 429 1367 duos
461 1298 645 1388 numerosl)
679 1305 712 1366 et
743 1302 902 1366 unitatem
935 1301 1110 1366 secundum

97 1409 339 1491 proportionem
380 1408 567 1472 continuam
599 1407 725 1472 numeri
762 1407 889 1492 aliquot
924 1408 1111 1490 interpositi

99 1519 188 1597 sunt,
211 1517 292 1599 quot
314 1514 400 1577 inter
423 1514 569 1598 singulos
594 1517 625 1578 et
647 1514 809 1579 unitatem
833 1514 1010 1578 seeundum
1036 1535 1110 1598 pro-

98 1621 282 1705 portionem
301 1622 489 1686 eontinuam
508 1620 695 1704 interpositi
714 1623 791 1685 sunt
813 1621 949 1703 numeri,
971 1621 1110 1685 totidem

99 1729 198 1792 etiam
226 1730 312 1792 inter
333 1727 423 1811 ipsos
449 1727 624 1792 seeundum
654 1727 899 1811 proportionem
924 1727 1111 1791 continuam

97 1833 350 1918 interponentur.

124 2010 221 2060 ΗΓ
253 2010 276 2058 A
501 2021 505 2057 Ι
621 1953 708 2018 Nam
740 1954 825 2018 inter
852 1955 932 2019 duos
959 1968 1111 2021 numeros

196 2117 228 2167 B}
553 2066 593 2145 A,
612 2065 641 2124 Β
663 2059 916 2126 etunitateml'
935 2061 1111 2126 seeundum

552 2166 798 2251 proportionem
811 2168 999 2231 continuam
1012 2167 1110 2231 inter·

552 2277 717 2357 ponantur
744 2274 870 2338 numeri
893 2280 940 2357 A,
963 2277 995 2337 E
1017 2277 1050 2337 et
1074 2277 1111 2355 Z,

340 2396 513 2449 *mro
556 2382 599 2445 Η.
641 2380 723 2462 dieo,
751 2383 831 2463 quot
853 2380 939 2444 inter
963 2380 1109 2464 singulos

553 2492 595 2569 A,
608 2490 637 2549 B
654 2489 687 2550 et
705 2486 863 2550 unitatem
882 2486 915 2548 Γ
933 2485 1109 2550 seeundum

552 2593 798 2674 proportionem
812 2591 999 2656 continuam
1009 2590 1108 2655 inter·

552 2698 654 2780 positi
668 2697 733 2762 sint
746 2697 886 2779 numeri,
901 2696 1037 2761 totidem
1052 2699 1109 2762 eti-

555 2825 608 2867 am
632 2803 717 2866 inter
735 2808 776 2882 A,
794 2806 823 2865 Β
839 2801 1014 2867 seeundum
1036 2825 1112 2888 pro-

97 2911 281 2995 portionem
307 2908 494 2975 oontinuam
516 2907 745 2992 interpositum
768 2907 819 2971 iri.

170 3163 196 3226 1)
215 3158 387 3226 scripturam
416 3154 520 3210 codicis
546 3155 569 3208 P
596 3154 647 3209 lin.
673 3161 704 3209 13
734 3150 893 3223 (ἑκατέρου)
922 3153 1007 3209 etiam
1032 3155 1111 3208 Cam-

99 3243 189 3296 panus
208 3227 338 3282 habuisse
357 3227 482 3292 uidetur3
503 3226 578 3296 apud
598 3243 661 3280 eum
680 3225 756 3280 enim
769 3223 843 3289 VIII,
864 3231 898 3278 10
916 3225 957 3279 ita
980 3225 1111 3294 legimus:

97 3297 121 3351 si
144 3297 218 3354 inter
240 3300 390 3367 utrumqne
414 3315 511 3352 eorum
530 3301 560 3352 et
581 3296 720 3352 unitatem
749 3294 890 3364 quotlibet
912 3295 1022 3348 numeri
1047 3312 1112 3349 oon-

98 3367 180 3422 tinua
203 3369 469 3439 proportionalitate
494 3367 658 3436 ceciderint,
688 3366 824 3420 ambobus
847 3365 971 3419 numeris
993 3365 1113 3420 totidem

102 3438 237 3494 continua
254 3439 522 3510 proportionalitate
541 3440 675 3494 interesse
693 3453 806 3492 neeesse
826 3441 876 3490 est.
