2430 3840
569 553 631 628 Vl.

464 725 741 791 Definitiones.

162 850 187 916 I.
217 849 356 934 Figurae
379 849 565 913 rectilineae
588 848 710 913 similes
734 852 823 930 sunt,
846 870 1052 933 quaecunque
1076 852 1110 913 et

96 957 233 1040 angulos
264 953 411 1038 singulos
441 954 591 1038 aequales
619 952 741 1017 habent
768 955 801 1016 et
827 953 930 1016 latera
958 953 1108 1037 aequales

97 1063 233 1146 angulos
258 1058 564 1143 comprehendentia
586 1057 851 1144 proportionalia.

166 1166 220 1248 [II.
243 1164 439 1249 Reciprocae
463 1169 573 1231 autem
595 1166 719 1252 figurae
739 1168 823 1251 sunt,
845 1165 901 1229 ubi
920 1165 955 1230 in
973 1167 1109 1249 utraque

100 1272 206 1354 figura
228 1275 261 1336 et
283 1271 510 1355 praecedentes
534 1277 567 1340 et
590 1276 761 1358 sequentes
783 1273 925 1338 rationes
950 1269 1077 1358 sunt].¹)

164 1375 223 1443 III.
246 1375 435 1443 Secundum
447 1381 623 1444 extremam
642 1401 680 1444 ec
694 1377 834 1444 mediam
848 1378 1007 1444 rationem
1021 1383 1110 1444 recta

98 1482 186 1547 linea
209 1486 310 1550 secari
334 1484 460 1570 dicitur,
483 1486 539 1550 ubi
561 1489 633 1552 tota
657 1485 697 1551 ad
715 1489 840 1570 partem
858 1486 1015 1551 maiorem
1035 1508 1110 1551 ean-

99 1587 173 1653 dem
196 1587 357 1656 rationem
380 1592 480 1657 habet
504 1613 541 1657 ac
564 1593 669 1657 maior
690 1614 767 1676 pars
791 1590 831 1655 ad
854 1593 1021 1656 minorem.

167 1693 225 1759 lV.
249 1694 400 1761 Ouiusuis
419 1697 542 1780 figurae
562 1696 698 1762 altitudo
718 1700 768 1761 est
785 1700 874 1761 recta
893 1719 912 1761 a
930 1697 1051 1762 uertice
1070 1697 1112 1762 ad

96 1799 202 1863 basim
225 1800 501 1886 perpendicularis
524 1797 656 1886 ducta.²)

590 1977 616 2044 Ι.

164 2082 337 2170 Trianguli
356 2088 389 2149 et
405 2085 715 2170 parallelogramma
734 2084 794 2149 sub
814 2084 925 2150 cadem
940 2069 1110 2150 altitudine

96 2191 206 2275 posita
229 2190 365 2256 eandem
387 2191 475 2257 inter
496 2211 532 2255 se
554 2190 714 2256 rationem
736 2190 858 2256 habent
881 2214 918 2256 ac
940 2191 1044 2257 beses.

171 2351 197 2417 1)
215 2347 293 2403 Haec
318 2345 444 2402 definitio
467 2364 605 2418 nusquam
627 2348 663 2402 ab
688 2346 805 2403 Euclide
829 2349 991 2417 usurpatum
1019 2363 1109 2415 neque

99 2417 174 2472 enim
197 2418 234 2474 ad
256 2418 455 2473 illustrandam
477 2419 646 2475 locutionem
669 2417 754 2487 λόγον
777 2413 1011 2472 ἀντιπεπονθότα
1035 2414 1109 2501 ἔχειν

99 2491 148 2543 aut
166 2505 238 2560 opus
258 2492 316 2556 est,
338 2490 400 2558 aut,
423 2488 448 2543 si
471 2506 541 2558 opus
561 2492 649 2559 esset,
678 2489 825 2544 sufficeret.
861 2492 1010 2557 praeterea
1032 2490 1111 2556 loyor

96 2560 146 2614 lin.
167 2566 181 2614 'l
201 2561 348 2621 obscurum
368 2561 418 2614 est.
455 2559 551 2629 itaque
569 2563 652 2632 pute,
673 2559 833 2614 Simsonum
850 2578 877 2629 p.
897 2564 949 2614 370
967 2559 1028 2614 iure
1048 2575 1110 2614 eam

98 2631 253 2686 damnasse.
291 2631 411 2686 fortasse
430 2647 464 2685 ex
481 2631 593 2687 Herone
612 2648 673 2685 sum
693 2633 725 2686 ta
739 2633 790 2700 est,
809 2631 884 2701 apud
898 2646 983 2700 quem
996 2631 1108 2701 legitur.

170 2703 198 2770 2)
217 2701 280 2758 Del.
303 2707 321 2756 4
345 2718 398 2758 cm.
424 2700 589 2771 Campanus.
625 2649 693 2756 Ded
712 2708 728 2758 t
752 2702 811 2758 sine
835 2701 921 2757 dubio
938 2700 1110 2772 interpolata

100 2774 155 2839 est;
174 2789 242 2827 nam
254 2788 393 2842 nusquam
406 2775 558 2842 usurpatur
571 2789 623 2829 nec
637 2774 712 2844 apud
726 2773 899 2844 Campanum
914 2775 1006 2831 exstat
1018 2789 1109 2842 neque

96 2841 330 2971 in·ip⁵i⁸2(1ffi{10d
358 2845 452 2926 locum
478 2844 738 2972 eundimqgffinet'
767 2846 918 2971 fsedtucrum
939 2843 972 2916 P·
985 2860 1009 2927 a·
1024 2862 1110 2899 manu

96 2930 215 3111 diffie,
243 2931 629 3042 ealliditate
655 2932 828 3058 cittii}
854 2931 978 3043 affl?
998 2932 1109 3053 snat

97 3073 125 3125 p.
215 3073 256 3125 sq.

98 3213 153 3269 ref.
172 3220 189 3269 s
207 3182 312 3286 nep.
386 3211 625 3287 afflomrep.
698 3210 747 3286 aa]
762 3232 815 3271 om.
830 3216 859 3271 r.
933 3220 975 3270 ro.
992 3212 1108 3269 rassae

96 3283 183 3425 {ulli}a
197 3292 274 3411 {131}
286 3291 327 3412 le.
346 3304 404 3356 mg.
423 3303 460 3341 m.
478 3293 492 3340 1
507 3285 541 3353 P3
561 3303 615 3342 om.
629 3285 760 3341 hocloco
775 3287 830 3357 Bp.
914 3292 955 3341 17.
971 3281 1029 3356 coll
1039 3287 1118 3354 <alm
