2430 3840
361 117 637 202 annunnnounn
654 118 764 168 amna
781 119 827 170 vr.
1044 116 1107 182 109
1137 75 1144 88 ⁹

165 257 237 323 Sint
270 259 364 323 datae
396 263 505 324 rectae
535 263 616 344 BA,
631 263 700 325 ΑΓ
723 263 756 325 et
788 263 950 345 ponantur
982 261 1043 346 ita,
1074 265 1110 325 ut

96 365 275 450 quemlibet
290 366 445 449 angulum
459 365 743 450 comprehendant.
784 369 912 450 oportet
926 366 1027 451 igitur
1045 389 1111 433 reo·

95 477 205 539 tarum
228 477 303 557 BA,
317 475 386 537 ΑΓ
403 472 534 538 tertiam
556 473 834 558 proportionalem
856 473 1012 539 inuenire.

618 579 839 662 producantur
855 579 942 644 enim
956 579 996 644 ml
1010 600 1110 663 punc·

574 688 609 750 ta
641 691 688 770 A,
711 690 757 771 E,
793 689 827 751 et
867 690 1009 770 ponatur
1047 689 1116 752 ΑΓ

576 795 713 876 =BA,
750 795 783 857 et
812 793 947 858 dueatur
980 794 1050 879 ΒΓ,
1078 796 1111 858 et

138 913 173 971 Β
291 871 551 998 ᾖῖ
574 918 634 981 per
661 902 695 960 Δ
727 898 757 961 ei
788 899 945 981 parallelo
977 898 1113 964 dueatur

293 1012 495 1090 Γῑ--ἑ-ῑ
575 1006 646 1065 ΔΕ
664 1001 702 1084 [1,
721 1003 789 1083 31].
822 1004 888 1068 iam
908 1004 1114 1088 quoniamin

575 1107 743 1191 triangulo
780 1113 887 1174 ΑΔΕ
921 1110 978 1173 uni
1019 1110 1114 1173 lateri

108 1243 132 1301 Δ
578 1218 648 1277 ΔΕ
668 1214 824 1297 parallela
847 1214 944 1280 dueta
969 1217 1019 1280 est
1042 1217 1114 1298 ΒΓ,

579 1320 640 1384 erit
672 1324 845 1387 AB:BA
869 1352 911 1375 =
934 1323 1116 1386 AF1FE

581 1428 686 1511 [prop.
708 1427 765 1509 Π].
812 1429 868 1494 sed
889 1432 960 1493 BA
979 1456 1021 1480 ==
1042 1429 1115 1491 AF.

580 1533 691 1618 itaque
710 1539 776 1600 AB
791 1517 799 1599 Ξ
815 1537 883 1598 ΑΓ
894 1564 936 1588 =
951 1534 1115 1599 Aszl'E.

170 1637 259 1724 Ergo
292 1638 376 1704 datis
406 1638 531 1704 duabus
559 1640 656 1706 rectis
685 1644 765 1721 AB,
785 1643 856 1706 ΑΓ
877 1641 977 1706 tertia
1005 1660 1115 1703 earum

103 1745 357 1828 proportionalia
386 1745 519 1810 inuenta
547 1749 597 1810 est
619 1748 696 1828 PE3
724 1746 811 1829 quod
835 1746 1006 1830 oportebat
1036 1744 1115 1808 fieri.

574 1937 646 2003 XII.

174 2060 269 2127 Datis
292 2061 397 2127 tribus
420 2062 517 2127 rectis
540 2063 635 2128 lineis
660 2064 808 2148 quartam
837 2061 1117 2148 proportionalem

104 2168 260 2235 inuenire.

173 2273 247 2340 sint
261 2274 355 2339 datae
374 2277 482 2339 reatae
502 2280 542 2359 A,
556 2279 595 2361 B,
609 2278 646 2341 Γ.
687 2279 816 2361 oportet
833 2275 936 2362 igitur
954 2278 1117 2340 rectarum

109 2385 150 2464 A,
164 2384 203 2466 B,
217 2383 250 2445 Γ
268 2384 418 2465 quartam
441 2383 719 2467 proportionalem
743 2381 895 2446 inuenire.
1007 2382 1009 2386 ’

376 2524 412 2578 Ε
547 2493 711 2575 ponantur
730 2489 812 2552 duae
834 2490 941 2552 reatae
960 2489 1036 2570 ΔΕ,
1051 2490 1085 2548 A
1091 2488 1118 2547 Z

506 2597 568 2682 ita,
591 2600 628 2661 ut
653 2593 831 2679 quemlibet
852 2593 1008 2678 angulum
1035 2613 1118 2659 oom-

277 2707 290 2756 ι’
504 2701 708 2787 prehendant
750 2705 866 2784 EAZ,
911 2703 943 2764 et
979 2702 1120 2785 ponatur

507 2793 1119 2892 AH=A,Hn=n,Ao=r.

92 2899 95 2902 ’
505 2917 538 2978 et
566 2913 663 2979 dueta
691 2916 781 2978 reeta
808 2916 878 2977 ΗΘ
905 2913 935 2977 ei
964 2913 1121 2996 parallela

112 3030 141 3088 Δ
276 3037 304 3095 Θ
393 3041 413 3094 z
506 3042 565 3104 per
586 3024 618 3084 E
640 3020 775 3084 dueatur
793 3022 857 3082 ΕΖ
877 3018 916 3103 [I,
935 3019 1002 3101 313.

174 3129 241 3196 iam
275 3129 429 3214 quoniam
461 3129 498 3192 in
528 3125 694 3209 triangulo
723 3128 824 3188 ΔΕΖ
853 3125 911 3188 uni
936 3125 1032 3190 lateri
1060 3127 1122 3187 ΕΖ

960 3283 1120 3293 -—·——

106 3358 262 3429 τυχοῦσαν]
287 3374 342 3413 om.
366 3357 396 3411 P.
483 3355 534 3409 καί
568 3371 621 3408 om.
641 3371 669 3422 p.
751 3350 803 3422 τῇ]
823 3369 857 3419 εη
876 3370 906 3419 φ.
989 3353 1033 3403 26.
1052 3348 1120 3417 μίαν
1204 3367 1207 3372 ·

105 3429 163 3483 τῶν
181 3429 309 3498 πλευρῶν
332 3426 431 3481 Theon
449 3425 509 3495 (BF
544 3427 581 3495 p).
