2430 3840
361 159 636 211 nnnnnnronon
653 159 763 208 mnne
781 160 840 212 vn.
1045 157 1110 223 193

162 303 227 366 iam
248 303 275 367 si
294 305 326 366 Γ
327 308 360 366 Δ
378 304 511 368 metitur
533 306 607 385 AB,
626 303 659 364 et
677 300 776 364 etiem
796 322 829 364 se
848 301 955 384 ipsum
970 301 1112 385 metitur,

96 411 160 473 ΓΔ
183 409 362 473 communis
386 409 449 472 erit
471 429 623 471 mensure
645 427 854 470 numerorum
871 409 944 490 ΓΔ,
963 409 1036 471 ΑΒ.
1078 410 1111 471 et

97 514 245 598 adparei,
282 535 355 578 eum
393 515 491 578 eiiam
529 513 705 576 maximam
742 532 822 576 esse.
879 532 984 596 neque
1026 510 1112 575 enim

99 620 182 684 ullus
206 640 357 683 numerus
381 640 515 683 numero
541 621 603 681 ΓΔ
626 619 731 682 maior
753 618 905 682 metietur
928 620 1000 681 ΓΔ.

163 728 198 789 at
227 726 254 788 si
282 728 345 788 ΓΔ
371 746 439 789 non
471 723 606 788 metitur
637 726 717 805 ΑΒ,
747 724 872 789 minore
903 738 1112 787 numerorum

97 836 175 915 AB,
200 834 263 895 ΓΔ
292 851 418 913 semper
447 828 590 892 uicissim
618 850 637 890 a
665 829 787 893 maiore
816 829 983 894 subireoto
1013 828 1111 893 relin-

337 938 452 1018 queiur
468 954 621 997 numerus
637 933 765 1016 aliquis,
787 935 842 1016 qui
855 935 1001 1017 proxime
1021 939 1113 999 ante-

336 1039 504 1105 cedentem
527 1038 689 1102 meiietur.
733 1038 843 1102 uniies
862 1040 948 1102 enim
971 1060 1038 1103 non
1063 1061 1111 1102 re·

132 1096 151 1207 i
179 1156 225 1205 -Γ
336 1147 512 1229 linquetur3
546 1144 597 1208 sin
629 1142 751 1225 minue,
774 1146 853 1225 AB,
874 1146 934 1208 ΓΔ
964 1144 1049 1208 inter
1079 1166 1112 1208 se

179 1204 221 1317 iz
337 1251 433 1335 primi
456 1254 551 1314 eruni
575 1251 679 1332 [prop.
697 1246 741 1332 I];
766 1249 852 1332 quod
871 1253 985 1315 eontra
1007 1250 1111 1333 hypo-

180 1317 198 1529 p
252 1371 270 1378 ·
337 1356 456 1420 thesim
489 1358 544 1419 est.
596 1375 674 1440 ergo
697 1376 850 1420 numerus
875 1356 995 1440 aliquis
1019 1356 1113 1420 relin-

200 1499 225 1549 A
253 1387 302 1530 iH
338 1465 467 1548 quetur‚
496 1461 551 1545 qui
580 1460 727 1545 proxime
751 1462 994 1527 enieoedeniem
1022 1461 1115 1526 meti-

339 1573 419 1634 eiur.
469 1572 503 1632 et
529 1571 593 1632 ΓΔ
623 1569 761 1633 metiens
794 1572 860 1632 ΒΕ
884 1568 1048 1654 relinquat
1081 1589 1115 1633 se

98 1675 169 1757 ipso
207 1676 366 1740 minorem
399 1680 478 1759 EA,
504 1678 570 1737 EA
604 1677 712 1738 autem
745 1678 811 1737 ΔΖ
849 1674 985 1739 metiens
1017 1675 1115 1738 relin-

100 1784 179 1863 quat
213 1802 247 1843 se
288 1782 360 1864 ipso
397 1782 557 1845 minorem
595 1782 663 1860 ZI',
689 1781 749 1842 ΓΖ
783 1783 891 1843 autem
927 1784 996 1843 ΑΕ
1026 1781 1117 1844 meti·

102 1887 185 1948 aiur.
245 1884 310 1948 iam
348 1884 500 1968 quoniam
537 1886 599 1947 ΓΖ
634 1882 767 1946 metitur
798 1887 877 1965 AE,
905 1888 974 1951 ΑΕ
1008 1889 1118 1949 autem

100 1997 134 2055 A
140 1995 168 2053 Z
196 1989 345 2071 metitur,
372 1988 469 2052 eiiam
497 1991 560 2053 ΓΖ
588 1988 739 2051 metietur
762 1989 835 2050 AZ.
882 2010 995 2052 uerum
1018 1990 1117 2054 etiem

101 2119 135 2160 se
172 2097 279 2180 ipsum
317 2095 456 2159 metitur.
503 2116 603 2178 quare
636 2093 735 2158 eiiam
767 2097 874 2158 toium
905 2097 973 2159 ΓΔ
1005 2098 1116 2161 meiie-
1166 2156 1168 2161 .

112 1499 153 1547 Β-

104 2209 167 2267 iur.
213 2202 268 2265 sed
296 2203 358 2265 ΓΔ
386 2201 520 2266 met'tur
549 2204 625 2284 BE3
653 2221 751 2282 quare
774 2200 873 2265 eiiam
896 2203 958 2265 ΓΖ
985 2203 1117 2268 metitur

104 2313 177 2374 ΒΕ.
223 2300 334 2371 uerum
359 2307 459 2371 eiiam
482 2311 549 2371 EA
572 2308 712 2371 metitur.
759 2329 858 2390 quare
882 2307 981 2372 eiiam
1009 2312 1116 2374 totum

101 2419 168 2478 BA
196 2413 353 2478 metietur.
399 2434 512 2477 uerum
542 2413 641 2477 etiam
670 2415 733 2477 ΓΔ
760 2414 901 2478 metitur.
952 2433 1030 2498 ergo
1055 2417 1117 2478 ΓΖ

101 2521 233 2585 metitur
257 2525 289 2582 A
296 2524 337 2602 B,
356 2521 427 2584 ΓΔ.
473 2519 585 2602 itaque
607 2521 669 2582 ΓΖ
693 2519 873 2582 eommunis
898 2523 948 2582 est
966 2541 1118 2586 mensura

102 2647 311 2690 numerorum
330 2629 404 2710 AB,
423 2628 495 2690 ΓΔ.
541 2624 612 2690 dieo
631 2625 706 2708 iem,
729 2645 803 2687 eum
823 2625 922 2688 eiiam
941 2626 1116 2691 maximam

102 2754 181 2798 esse.
235 2754 312 2797 nam
345 2734 373 2796 si
404 2735 466 2797 ΓΖ
498 2751 705 2796 numerorum
738 2735 818 2814 AB,
842 2732 904 2794 ΓΔ
936 2733 1116 2796 eommunis

102 2860 253 2904 mensuro
290 2839 433 2902 maxime
468 2859 536 2904 non
572 2841 635 2915 esi,
673 2836 789 2920 aliquis
826 2858 978 2902 numerus
1015 2839 1118 2906 maior

102 2966 236 3010 numero
270 2947 331 3008 ΓΖ
362 2966 515 3009 numeros
544 2948 623 3027 AB,
645 2945 707 3007 ΓΛ
740 2943 901 3007 metietur.
954 2945 1118 3042 meiiaiur,

102 3053 135 3115 et
158 3052 201 3115 sit
224 3054 267 3114 H.
313 3054 346 3114 et
369 3050 524 3134 quoniam
547 3052 586 3112 H
601 3050 733 3112 metitur
754 3051 786 3112 Γ
784 3053 826 3133 Δ,
844 3051 907 3113 ΓΔ
926 3053 1035 3114 eutem
1053 3053 1121 3114 BE

104 3330 170 3400 ΖΓ]
192 3329 348 3412 rnssvp.
435 3329 610 3456 &qom‘ss‘
640 3394 647 3414 Ι
703 3333 744 3381 14.
763 3327 836 3413 Ante
856 3324 922 3382 ἐπεί
936 3324 1118 3414 inYeetzi

107 3396 139 3453 &i
163 3401 219 3453 ΕΑ
238 3405 279 3469 (m
296 3418 350 3457 roe.
369 3421 407 3456 m.
427 3402 455 3470 2)
491 3420 580 3456 αυτου
600 3394 736 3455 ἒλασσονα
756 3417 790 3454 oe
809 3404 949 3469 μετρεῑτο
965 3401 1025 3467 (τον
1038 3416 1074 3454 m.
1090 3402 1118 3463 2)

107 3472 166 3522 ΓΖ.
238 3477 280 3525 21.
301 3467 361 3526 ἐστί
377 3471 439 3539 BV,
459 3489 549 3542 oomp.
568 3489 595 3540 p.

156 3565 309 3621 neander,
322 3569 371 3613 edd.
386 3569 489 3622 Heiberg
504 3574 527 3613 et
541 3571 634 3624 Mense.
660 3572 699 3616 n.
947 3561 987 3607 ῗό
