2430 3840
492 288 701 340 PRAEFATIO.

96 458 125 514 p.
151 438 224 514 364,
249 438 305 495 29:
329 433 460 513 ἔχοντας]
486 434 604 514 ἔχοντας
626 430 726 508 αὐτοῖς
748 438 777 497 b.

96 547 125 602 p.
151 527 224 602 366,
270 527 303 585 2:
326 517 505 603 ἡγούμενον]
528 518 580 586 τὸν
601 518 770 605 ἡγούμενον
791 526 820 585 b.

269 615 302 673 5:
325 604 404 690 ὑπό]
429 608 553 693 ἀριθμοὶ
575 607 635 674 ὑπό
657 615 686 674 b.

268 704 300 761 7:
325 695 379 777 οὗ]
404 722 462 762 om.
486 704 514 764 b.

247 793 301 849 14:
325 788 404 868 ἑξῆς]
429 810 486 851 om.
509 793 537 852 b.

96 902 125 957 p.
150 881 223 954 368,
269 881 302 938 5:
325 877 397 954 τις]
421 874 499 952 ἅπας
522 881 550 940 b.

270 971 301 1027 6:
325 961 341 1028 ὁ
366 969 446 1026 Ε-
462 972 495 1028 7:
518 965 672 1047 μετρεῖται]
697 988 754 1028 om.
777 969 804 1027 b.

246 1059 301 1115 22:
325 1049 341 1116 ὁ
364 1059 389 1114 Ζ
412 1049 469 1118 οὐκ
491 1054 562 1133 ἔστι]
588 1051 643 1119 οὖν
665 1054 742 1116 ἔστιν
765 1049 781 1118 ὁ
804 1059 829 1114 Ζ
851 1058 879 1116 b.

247 1148 302 1206 23:
326 1145 353 1205 εἰ
373 1136 443 1225 γάρ]
469 1145 495 1205 εἰ
516 1139 572 1226 γάρ
595 1143 654 1205 ἐστι
676 1147 790 1221 πρῶτος
813 1146 840 1204 b.

99 1257 129 1313 p.
154 1237 226 1308 370,
272 1237 305 1295 2:
329 1228 407 1306 ἅπας
421 1265 457 1274 -
472 1237 504 1294 3:
529 1230 682 1313 μετρεῖται]
706 1253 763 1293 om.
786 1234 815 1293 b.

268 1324 300 1382 3:
325 1316 341 1383 ὁ
364 1325 390 1381 Ζ
412 1317 470 1401 ἄρα
491 1315 552 1385 ὑπὸ
575 1317 706 1402 πρώτου]
731 1313 790 1381 ὑπὸ
813 1315 931 1400 πρώτου
954 1315 1012 1399 ἄρα
1035 1323 1063 1381 b.

247 1414 301 1470 21:
324 1405 485 1493 ἀνάλογον]
510 1408 619 1494 ἄλογον
641 1413 669 1472 b.

95 1523 124 1579 p.
150 1503 224 1577 372,
272 1504 303 1559 1:
326 1492 406 1577 ὖιτό]
429 1499 461 1561 ἐκ
484 1505 542 1562 τῶν
564 1502 592 1562 b.

270 1593 301 1651 6:
325 1588 370 1667 Δ]
395 1610 411 1649 e
435 1610 510 1651 corr.
533 1613 573 1652 m.
594 1609 652 1650 rec.
675 1591 704 1652 b.

272 1682 304 1738 7:
328 1672 400 1757 ὅπερ
423 1677 482 1739 ἔδει
506 1677 611 1756 δεῖξαι]
636 1698 693 1740 om.
716 1678 745 1739 b.

248 1771 302 1827 20:
326 1766 467 1844 πεποίηκε
489 1769 517 1829 b.

249 1859 303 1915 22:
326 1848 614 1930 πολυπλασιᾶσαντες
636 1859 665 1918 b.

250 1947 305 2004 23:
328 1935 393 2020 τόν]
418 1963 492 2004 corr.
516 1966 552 2005 ex
575 1937 667 2006 αιῖτόν
689 1948 718 2007 b.

250 2034 304 2092 25:
328 2025 501 2109 μετρήσουσι
523 2034 552 2093 b.

98 2143 129 2197 p.
155 2122 228 2196 374,
276 2123 307 2178 2:
331 2118 498 2197 μετροῦσιν]
522 2115 714 2201 μετρήσουσιν
736 2124 765 2182 b.

248 2212 302 2269 14:
326 2201 494 2286 ὁποιοιοῦν]
517 2202 642 2272 ὁποισῦν
664 2203 721 2293 b.¹)

249 2301 304 2360 20:
326 2298 469 2376 πεποίηκε
491 2300 524 2378 b3
547 2302 621 2361 item
642 2300 693 2361 lin.
719 2304 771 2376 21,
795 2304 845 2360 22.

248 2391 302 2447 22:
326 2388 381 2448 εἰσι
403 2389 433 2449 b.
480 2393 535 2449 24:
559 2379 612 2450 ὦσι
634 2391 662 2450 b.

102 2499 131 2554 p.
156 2479 229 2554 376,
276 2480 308 2535 2:
332 2473 391 2535 ἐστι
414 2476 443 2536 b.

275 2568 308 2625 3:
331 2556 384 2623 ἕᾶν
407 2560 536 2625 δέ-ὀε
561 2560 646 2641 ὥστε]
668 2565 721 2626 καί
740 2567 769 2626 b.

272 2655 305 2713 5:
328 2649 403 2728 ZA]
427 2654 484 2712 ΔΖ
506 2654 535 2729 b,
559 2655 611 2714 sed
633 2656 659 2712 Z
682 2675 698 2715 e
720 2673 795 2717 corr.
818 2675 855 2715 m.
882 2659 909 2714 1.

275 2745 306 2802 6:
331 2739 410 2818 ΔΕ]
434 2743 497 2800 ΔΕ
518 2736 576 2821 ἄρα
597 2743 626 2802 b.

327 2823 450 2890 ὥστε-
463 2834 495 2892 7’;
518 2827 610 2906 ἐστιν]
635 2850 692 2892 om.
715 2832 744 2891 b.

273 2924 306 2982 8:
329 2910 400 2998 γάρ]
426 2915 459 2979 δέ
481 2919 509 2979 b.
555 2916 600 2995 ἐκ]
624 2911 684 2981 ιἰιτό
707 2921 735 2982 b.

252 3013 306 3071 10:
330 3005 421 3084 ἐστιν]
456 3006 540 3070 ἔστιν.
573 2999 646 3070 ὥστε
677 3001 694 3069 ὁ
727 3006 760 3070 ἒιι
792 3011 849 3069 τῶν
880 3011 950 3082 ΖΛ,
968 3011 1031 3068 ΔΕ
1062 3006 1113 3068 καὶ

374 3091 450 3177 πρὸς
471 3091 524 3158 τὸν
546 3091 605 3159 obt&
627 3101 680 3160 τοῦ
703 3101 762 3158 ΕΖ
784 3089 899 3178 πρῶτός
921 3095 997 3158 ἐστιν
1020 3097 1048 3157 b.

251 3191 304 3248 13:
327 3184 417 3263 ἔστιν]
442 3183 500 3247 ἐστι
522 3188 550 3249 b.

251 3280 303 3337 17:
328 3277 383 3337 εἰσι
405 3276 434 3336 b.
867 3343 870 3349 ¹

251 3369 304 3426 19:
327 3362 396 3441 καί]
421 3358 567 3425 ὥστειιαί
585 3367 614 3426 b.
660 3363 706 3442 ἔτι]
728 3359 788 3427 {md
810 3368 838 3427 b.

251 3445 522 3536 wfflmffl

180 3573 206 3640 1)
225 3571 257 3625 In
276 3570 339 3625 adn.
358 3589 385 3640 p.
406 3575 466 3639 3⁷4,
488 3576 520 3624 13
539 3572 677 3628 scribatur
694 3567 836 3642 ,ἔχονταιν
853 3566 936 3640 λόγον
954 3569 1005 3624 V“.

179 3643 207 3711 2)
226 3641 300 3711 Ergo
319 3643 349 3696 in
368 3641 431 3695 adn.
449 3659 477 3711 p.
497 3647 558 3711 376,
577 3649 610 3697 21
629 3660 731 3699 nomen
748 3640 870 3696 Theonis
888 3639 1025 3696 deleatur.
