2430 3840
365 125 641 179 ELEMENTORUM
658 125 767 177 LIBER
785 126 817 178 V.
1067 125 1109 188 41

164 289 241 333 nam
264 270 416 354 quoniam
440 272 517 335 sunt
541 266 730 355 quaedaml)
754 267 1015 354 magnitudinum
1028 272 1067 352 Γ,
1081 274 1113 334 Ε

524 396 625 459 aeque
664 374 873 458 multiplices,
915 374 1111 459 magnitudi-

524 502 604 545 num
628 484 737 547 autem
761 486 848 564 A,Z
873 479 955 546 aliae
979 470 1111 565 quaeuis

526 607 627 671 aeque
649 587 859 673 multiplices,
885 590 919 653 et
941 586 1111 670 multiplex
1154 657 1158 663 ,

548 692 782 778 magnitudinis
814 697 847 760 Γ
877 693 1090 778 multiplicem

525 798 760 883 magnitudinis
792 805 825 861 A
852 803 997 885 superat,
1027 799 1108 863 mul-

96 907 198 993 tiplex
217 912 327 974 autem
345 903 578 990 magnitudinis
597 907 630 967 Ε
646 904 859 987 multiplicem
876 905 1111 989 magnitudinis

99 1019 126 1078 Z
140 1037 206 1080 non
220 1018 352 1097 superat
367 1010 443 1092 [def.
458 1011 504 1094 7],
522 1011 702 1094 sumantur,
719 1011 753 1072 et
769 1008 835 1072 sint
848 1009 1112 1092 magnitudinum

97 1122 137 1203 Γ,
147 1124 179 1184 Ε
192 1141 293 1204 aeque
305 1115 501 1199 multiplices
514 1117 560 1196 H,
575 1117 614 1196 Θ,
629 1111 889 1198 magnitudinum
903 1117 1012 1178 autem
1027 1118 1071 1196 A,
1085 1117 1113 1178 Ζ

98 1225 182 1289 aliae
202 1223 335 1308 quaeuis
351 1241 451 1305 aeque
465 1219 660 1305 multiplices
674 1223 719 1302 K,
733 1223 775 1303 A,
790 1217 838 1284 ita
851 1222 889 1284 ut
901 1223 941 1285 H
951 1219 1112 1306 magnitu-

99 1322 208 1391 dinem
221 1330 256 1390 K
268 1331 406 1412 superet,
419 1331 448 1393 Θ
462 1330 571 1392 autem
585 1325 843 1413 magnitudinem
853 1331 885 1392 A
894 1349 960 1394 non
973 1330 1112 1411 superet.

101 1437 135 1498 et
167 1433 291 1516 quoties
323 1434 490 1519 multiplex
522 1438 573 1500 est
605 1437 643 1498 H
672 1433 909 1520 magnitudinis
937 1436 981 1518 Γ,
1013 1433 1112 1500 toties

101 1538 270 1624 multiplex
294 1540 336 1605 sit
354 1543 399 1604 M
411 1539 647 1624 magnitudinis
666 1546 709 1623 A,
729 1539 854 1625 quoties
874 1543 983 1606 autem
1002 1539 1112 1606 multi·

101 1646 178 1731 plex
208 1650 258 1713 est
284 1650 321 1711 K
349 1645 586 1731 magnitudinis
617 1651 664 1730 A,
693 1647 789 1711 toties
816 1647 987 1730 multiplex
1011 1648 1053 1712 sit
1076 1650 1116 1711 N

97 1752 332 1838 magnitudinis
360 1756 399 1817 Β.
443 1755 476 1816 et
504 1751 656 1835 quoniam
689 1755 740 1816 est
762 1757 794 1815 A
808 1773 816 1815 ε
830 1756 859 1817 B
875 1782 917 1810 ==
933 1756 983 1817 F:
998 1758 1046 1835 A,
1079 1759 1113 1818 et

97 1864 246 1944 sumptae
275 1860 352 1922 sunt
379 1855 642 1941 magnitudinum
664 1860 712 1936 A,
731 1857 764 1918 Γ
787 1877 887 1940 aeque
916 1858 1112 1941 multiplices

97 1968 148 2047 M,
162 1968 208 2048 H,
227 1961 493 2048 magnitudinum
514 1963 623 2024 autem
640 1963 681 2041 B,
696 1964 729 2023 A
748 1959 832 2024 aliae
858 1963 992 2046 quaeuis
1012 1983 1112 2046 aeque

97 2069 293 2155 multiplices
326 2071 378 2151 N,
398 2069 445 2150 K,
478 2065 507 2131 si
536 2068 582 2130 M
607 2065 868 2152 magnitudinem
899 2070 939 2131 N
970 2072 1112 2154 superat,

99 2175 197 2266 etiam
227 2177 266 2239 H
290 2171 550 2260 magnitudinem
581 2174 617 2234 K
646 2176 794 2257 superat,
831 2177 863 2238 et
900 2173 929 2238 si
956 2175 1111 2262 aequalis,

101 2281 247 2365 aequalis
276 2283 338 2364 est,
369 2280 453 2345 etsi
484 2279 604 2363 minor,
632 2278 740 2344 minor
764 2278 840 2360 [def.
859 2280 904 2363 5].
941 2303 1054 2348 uerum
1077 2286 1117 2347 H

99 2386 358 2471 magnitudinem
387 2387 422 2448 K
442 2387 586 2470 superat3
619 2406 717 2469 quare
750 2385 850 2451 etiam
881 2389 927 2450 M
952 2388 1112 2470 magnitu-

98 2493 206 2558 dinem
238 2497 278 2558 N
308 2495 449 2577 superat.
491 2497 520 2557 Θ
551 2494 660 2557 autem
696 2492 954 2578 magnitudinem
982 2495 1013 2555 A
1044 2513 1112 2556 non

99 2603 240 2684 superat.
286 2604 319 2665 et
348 2603 402 2682 M,
415 2602 444 2662 Θ
471 2597 734 2683 magnitudinum
757 2602 803 2682 A,
817 2601 850 2662 Ε
876 2619 976 2682 aeque
1004 2597 1111 2662 multi-

97 2707 197 2792 plices
226 2709 314 2789 sunt,
343 2708 394 2786 N,
413 2707 445 2767 A
473 2708 582 2769 autem
618 2702 878 2787 magnitudinum
910 2707 997 2788 B,Z
1030 2705 1112 2770 aliae

100 2813 235 2897 quaeuis
261 2833 361 2897 aeque
384 2806 622 2895 multiplicesi)
668 2809 778 2894 itaque

474 2921 506 2980 A
521 2941 529 2982 ε
542 2919 571 2981 Β
585 2925 619 2991 >
634 2919 666 2980 Ε
678 2938 686 2980 :
702 2918 737 2981 Z.

98 427 271 478 Ee-——1

98 535 233 586 Ζι--ι

100 640 408 693 ca-—i--l

96 750 437 800 Ai—-l-e-l

167 3023 257 3109 Ergo
287 3024 315 3089 si
346 3023 452 3109 prima
484 3023 525 3088 ad
555 3022 731 3126 secundam
761 3027 793 3088 et
819 3023 918 3090 tertia
947 3024 987 3090 ad
1017 3047 1111 3109 quar·

99 3134 168 3196 tam
192 3130 328 3196 eandem
359 3129 522 3195 rationem
552 3128 666 3209 habet,
694 3129 793 3194 tertia
820 3133 928 3195 autem
952 3131 993 3196 ad
1017 3153 1111 3216 quar·

172 3309 197 3374 1)
217 3303 269 3376 μέν
303 3306 332 3360 et
361 3302 395 3359 δέ
422 3302 471 3358 lin.
502 3309 579 3357 1-2
607 3300 744 3358 inusitate
771 3303 883 3373 quidem
915 3303 1009 3374 posita
1038 3305 1110 3373 sunt,

99 3393 190 3446 neque
207 3379 303 3432 tamen
321 3374 373 3442 ita,
393 3377 426 3430 ut
443 3375 511 3431 ferri
528 3375 679 3443 nequeant.

171 3449 198 3517 2)
219 3445 273 3502 cn.
290 3446 339 3502 lin.
360 3450 429 3502 6—8
449 3463 512 3501 cum
530 3445 579 3500 lin.
599 3451 615 3500 9
635 3463 675 3515 sq.
