2430 3840
373 156 649 208 uuuuuuuouuu
666 157 775 208 imme
793 159 852 211 vu
1050 157 1112 222 191

102 321 272 364 numerum
299 303 362 364 ΒΖ
391 300 528 365 metiens
543 299 751 386 relinquar)
785 322 818 365 se
850 301 922 386 ipso
955 301 1115 366 minorem
1206 310 1209 317 '

103 412 176 490 ZA,
194 412 258 470 ΑΖ
278 411 386 472 autem
409 391 580 471 numerum
604 410 682 470 ΔΗ
700 407 836 471 metiens
861 428 894 470 ee
918 405 990 490 ipso
1014 407 1114 472 mino-

102 535 171 578 rem
194 514 358 599 relinquat
379 516 457 597 ΗΓ,
476 515 548 576 ΗΓ
568 517 676 578 autem
698 535 869 577 numerum
893 515 955 577 ΖΘ
977 514 1114 579 metiens

101 621 262 705 relinquat
285 621 444 686 unitatem
467 624 541 684 ΘΑ.

167 727 232 792 iam
258 727 411 811 quoniam
435 731 467 790 E
487 724 621 790 metitur
643 729 719 810 ΓΔ,
748 729 780 791 et
801 729 865 790 ΓΛ
887 726 1021 790 metitur
1044 729 1116 811 BZ,

100 833 198 896 etiam
222 836 254 895 E
274 833 407 897 metitur
430 836 501 897 BZ.
547 852 661 896 uerum
684 833 783 896 etium
805 836 912 897 totum
936 836 1001 897 BA
1024 832 1123 896 meti-'

100 942 167 1022 tur3
201 961 299 1023 qua-re
332 939 431 1004 etium
463 938 624 1020 reliquum
657 945 688 1002 A
695 943 722 1001 Z
753 939 914 1004 metietur.
966 939 1021 1002 sed
1049 945 1081 1002 A
1088 942 1114 1001 Z

100 1046 234 1109 metitur
262 1047 342 1109 ΔΗ.
393 1066 491 1128 quere
520 1046 616 1108 etiam
649 1047 681 1108 E
711 1045 844 1107 metitur
872 1047 952 1108 AH.
1002 1064 1114 1107 uerum

101 1152 201 1215 etium
223 1153 330 1215 totum
354 1153 425 1214 ΔΓ
444 1150 586 1215 metitur.
632 1172 731 1234 quare
751 1151 849 1215 etiam
868 1149 1028 1234 reliquum
1048 1151 1120 1213 ΓΗ

100 1258 260 1320 metietur.
306 1257 362 1321 sed
381 1258 452 1320 ΓΗ
466 1257 602 1322 metitur
619 1262 690 1323 ΖΘ.
737 1277 837 1342 quere
857 1255 955 1320 etiam
974 1260 1006 1319 E
1022 1255 1115 1319 meti·

100 1366 154 1425 tur
186 1366 256 1426 ΖΘ.
306 1384 418 1427 uerum
452 1363 551 1427 etiam
583 1367 692 1429 totum
720 1370 785 1428 ΖΑ
816 1363 958 1428 metitur.
1014 1384 1114 1447 quare

100 1467 196 1532 etiam
225 1489 306 1553 quae
333 1469 542 1555 relinquitur,
570 1471 729 1536 unitatem
753 1475 817 1535 ΑΘ
840 1471 1005 1554 metietur,
1039 1492 1112 1535 eum

99 1575 169 1659 ipse
192 1597 346 1646 numerus,
369 1576 425 1660 sit3
455 1576 541 1662 quod
563 1577 634 1641 fieri
656 1599 723 1642 non
737 1563 864 1661 'potest
907 1576 1018 1661 itaque
1049 1599 1126 1652 nouv

99 1683 251 1746 metietur
283 1704 435 1749 numeros
468 1687 534 1748 AB
539 1734 548 1767 ‚
572 1685 634 1746 ΓΔ
665 1705 820 1747 numerus
853 1683 980 1766 uliquis.
1036 1704 1113 1769 ergo

99 1791 174 1868 AB,
198 1790 259 1850 ΓΛ
296 1788 381 1853 inter
417 1811 451 1852 se
488 1789 588 1872 primi
625 1791 716 1870 sunt3
753 1786 838 1869 quod
876 1791 947 1851 erat
983 1788 1113 1853 demon·

100 1889 305 1978 strandume)

582 1998 626 2063 ΙΙ.

167 2105 264 2170 Datis
289 2106 414 2171 duobus
437 2105 580 2170 numeris
603 2126 672 2170 non
693 2104 779 2168 inter
808 2127 842 2170 se
869 2105 984 2191 primis
1012 2108 1114 2188 maxi·

100 2234 187 2277 mam
210 2233 395 2276 mensuram
419 2233 621 2277 communem
644 2211 799 2277 inuenire.

169 2317 241 2383 Sint
263 2319 327 2383 duo
349 2319 476 2382 numeri
499 2317 567 2382 dati
588 2340 656 2383 non
678 2319 774 2401 primi
793 2319 878 2385 inter
896 2341 930 2385 se
949 2323 1024 2403 AB,
1043 2322 1075 2383 Γ
1072 2326 1114 2387 Δ.
1183 2403 1184 2406 ¹

101 2429 230 2509 oportet
256 2425 358 2510 igitur
384 2445 593 2489 numerorum
624 2430 689 2491 AB
695 2475 704 2509 ,
726 2429 790 2490 ΓΔ
822 2426 995 2490 maximam
1028 2447 1114 2489 men-

100 2555 210 2622 surum
234 2553 438 2596 communem
462 2532 616 2597 inuenire.

171 2690 197 2757 1)
218 2688 261 2742 Se.
285 2705 319 2742 ex
341 2691 398 2741 AB.
435 2704 526 2757 neque
555 2687 629 2742 enim
652 2688 776 2744 dubitari
793 2690 900 2758 potest,
930 2686 997 2757 quin
1016 2691 1066 2741 ΒΖ
1083 2688 1114 2743 in

97 2760 120 2812 P
144 2760 173 2814 et
195 2759 302 2828 optimo
327 2758 535 2814 Theoninorum
563 2760 705 2814 nemetum
728 2776 797 2814 uera
815 2759 853 2813 eit
872 2757 1021 2828 scripture,
1049 2777 1113 2814 eum

98 2837 211 2954 ufrreffr
230 2847 340 2955 ebemgper
358 2829 991 2956 assu‘lEufffidgim13i3¹¹2ffi03t³t⁸in⁰12⁹2⁵id1¹¹1⁰
1009 2831 1113 2899 metiri,

98 2918 216 2955 eum.
300 2916 490 2956 ‚euems
623 2920 730 2956 1n.—
837 2944 843 2955 .
918 2942 924 2966 ‚
1034 2947 1040 2959 .

169 2975 197 3040 2)
216 2944 330 3026 Retinui
351 2972 382 3026 in
409 2919 489 3026 libris
509 2918 636 3028 til-olii
659 2919 879 3044 figuraseoolid„
903 2973 933 3027 id
951 2919 1031 3041 questil
1051 2973 1114 3041 ipsa

97 3059 140 3096 res
160 3043 277 3097 euadere
296 3041 454 3110 uidebatur,
473 3043 553 3098 uelut
570 3043 666 3098 stetim
684 3043 756 3100 ratio
775 3061 853 3113 prop.
872 3045 898 3108 13
917 3060 984 3098 nam
1001 3042 1035 3110 ii,
1063 3042 1113 3110 qui

98 3128 147 3182 pro
166 3111 249 3169 lineis
268 3117 373 3183 punctu
392 3113 578 3183 substituunt,
598 3116 627 3170 et
643 3113 675 3169 in
688 3114 759 3169 eliae
773 3113 955 3170 difficultates
968 3115 1114 3168 incurrunt

98 3185 136 3307 et·
155 3183 192 3265 agl
215 3187 306 3266 eertos
334 3202 464 3309 numeros
488 3185 638 3254 confugere
663 3188 814 3254 coguntur,
837 3186 912 3253 quod
935 3184 971 3239 eb
994 3183 1112 3238 Euclide

98 3270 301 3309 a1en1eermum
320 3273 349 3310 es
365 3301 370 3310 .

97 3412 261 3496 Poutvpri'u'e
277 3420 327 3539 §A
347 3417 409 3472 edd.
429 3417 466 3472 V:
486 3416 536 3472 καὶ
551 3413 619 3470 ἔστω
636 3410 759 3470 ἐλάσσων
775 3409 790 3470 ὃ
807 3417 865 3469 ΓΔ.
939 3419 983 3468 22.
1001 3408 1125 3477 arietet

97 3502 156 3538 κοι·
173 3502 204 3539 ιιι
221 3502 266 3540 rau
312 3528 319 3542 .
