2430 3840
545 623 646 698 VIII.

579 793 605 858 I.

155 918 189 984 Si
212 919 373 1004 quotlibet
400 918 527 983 numeri
551 917 702 1001 deinceps
731 917 992 1001 proportionales
1017 920 1103 1002 eunt,

87 1028 120 1089 et
152 1025 289 1089 extremi
317 1045 429 1089 eorum
456 1025 543 1088 inter
571 1010 608 1088 se
634 1023 731 1104 primi
759 1025 846 1106 sunt,
874 1023 1000 1087 minimi
1027 1026 1104 1087 sunt

87 1151 213 1214 eorum,
237 1130 292 1214 qui
316 1129 451 1193 eundem
475 1130 635 1195 rationem
658 1129 789 1194 habent.

154 1232 226 1299 Sint
244 1235 406 1320 quotlibet
423 1237 550 1301 numeri
572 1237 659 1301 inter
678 1257 712 1301 ee
735 1235 995 1319 proportionales
1015 1233 1101 1298 dein-
1176 1245 1180 1250 ’

86 1362 162 1424 ceps
194 1347 239 1427 A,
261 1346 306 1425 Β,
329 1344 371 1426 Γ,
390 1346 437 1424 A,
466 1346 499 1407 et
526 1364 638 1408 eorum
667 1343 803 1408 extremi
829 1349 874 1425 A,
894 1347 928 1406 A
955 1343 1040 1408 inter
1068 1363 1102 1406 se

86 1447 184 1530 primi
207 1447 282 1512 sint
328 1448 413 1531 dieo,
435 1470 587 1514 numeros
609 1454 655 1532 A,
673 1452 715 1531 B,
733 1451 774 1533 Γ,
794 1454 828 1513 A
854 1449 1006 1515 minimos
1031 1471 1101 1514 esse

50 1574 54 1581 ’
86 1575 214 1639 eorum,
238 1555 294 1638 qui
317 1555 453 1619 eandem
476 1555 637 1620 rationem
660 1554 812 1621 habeant.

297 1716 480 1766 Ai—-—
691 1725 772 1763 r—r
783 1713 808 1762 E

298 1820 329 1870 Βι

299 1924 331 1975 Γι
548 1936 552 1972 l
691 1924 828 1973 ι--ιΗ

297 2033 333 2082 Ar
655 2044 659 2080 ι
687 2028 888 2081 ι--ιΘ

151 2152 237 2218 Nem
261 2153 290 2218 ei
312 2154 435 2237 minue,
457 2154 585 2218 numeri
608 2158 651 2238 E,
671 2158 708 2239 Z,
725 2158 768 2236 H,
787 2157 816 2218 Θ
838 2153 980 2220 numeris
1004 2160 1044 2238 A,
1063 2159 1101 2239 Β,

84 2262 170 2344 Γ,Δ
188 2260 329 2326 minores
350 2261 417 2324 sint
435 2259 569 2324 eandem
588 2261 749 2326 rationem
766 2261 934 2326 habentes.
971 2262 1005 2323 et
1023 2282 1101 2345 quo·
1153 2326 1155 2331 A

83 2368 172 2430 niam
191 2374 234 2452 A,
250 2371 289 2452 B,
307 2371 344 2451 Γ,
363 2372 397 2431 A
416 2371 449 2431 et
467 2371 505 2451 E,
524 2371 561 2451 Ζ,
579 2370 622 2446 Η,
640 2371 669 2432 Θ
687 2368 721 2432 in
741 2367 853 2432 eadem
870 2366 998 2431 ratione
1017 2369 1101 2449 sunt,

83 2477 116 2537 et
143 2474 319 2539 multitudo
347 2472 547 2539 multitudini
579 2474 724 2558 aequalis
752 2476 816 2557 est,
843 2495 882 2537 ex
911 2493 1014 2555 eoquo
1038 2471 1101 2536 erit

84 2578 176 2664 [VII,
204 2580 258 2660 14]
282 2584 341 2644 A:
362 2584 396 2643 A
415 2609 458 2633 =
480 2584 535 2644 E:
554 2584 591 2645 Θ.
636 2601 749 2644 uerum
773 2583 818 2662 A,
836 2583 870 2642 A
893 2578 992 2663 primi
1015 2582 1100 2662 sunt,

81 2685 180 2769 primi
212 2689 320 2751 eutem
352 2686 451 2751 etiam
484 2684 611 2750 minimi
643 2689 720 2751 sunt
753 2684 845 2770 ΝΠ,
863 2686 942 2768 21],
973 2685 1100 2750 minimi

83 2795 191 2857 autem
204 2792 332 2857 numeri
346 2814 411 2877 eoe,
431 2793 486 2878 qui
501 2791 635 2858 eandem
649 2793 811 2858 rationem
830 2792 962 2876 habent,
983 2814 1100 2876 aequa-

81 2899 157 2963 IIter
188 2899 380 2976 metiuntur,
413 2899 518 2963 maior
550 2898 707 2962 maiorem
728 2902 773 2962 -et
803 2898 911 2963 minor
938 2898 1099 2963 minorem

82 3003 266 3089 [V11,20],
292 3004 324 3068 h.
352 3027 379 3069 e.
406 3004 601 3088 praecedens
631 3004 877 3088 praecedentem
901 3006 934 3068 et
962 3023 1098 3088 sequens

83 3114 282 3195 sequentem.
336 3110 447 3193 itaque
482 3115 514 3174 A
548 3130 718 3173 numerum
750 3113 782 3172 E
812 3108 958 3190 metitur,
994 3106 1100 3171 maior

83 3353 138 3392 om.
161 3337 191 3392 P.
274 3344 317 3393 1&
342 3332 357 3391 d
382 3357 412 3392 τε
438 3339 539 3407 μείζων
555 3368 589 3377 -
605 3343 651 3391 19:
680 3333 841 3405 τουτέστιν]
865 3333 899 3402 Ρ;
924 3350 978 3388 om.
1002 3331 1100 3386 Theon

82 3406 194 3477 (Bch).
266 3414 310 3463 21.
329 3403 487 3479 ἀδύνατον]
506 3404 615 3462 ἄτοπον
634 3408 695 3477 Vq).
