2430 3840
362 249 638 302 EIAEMENTORUM
654 251 763 303 LIBER
781 252 814 305 V.
1088 250 1107 313 7

168 394 218 460 15.
242 392 428 460 Subtraotio
451 394 588 460 rationis
611 397 676 478 est,
703 395 760 459 ubi
783 394 922 460 sumitur
949 416 1108 480 excessus,

96 524 162 588 quo
177 500 371 586 praecedens
386 504 574 585 sequentem
587 499 719 585 exeedit,
734 500 776 565 ed
789 501 897 567 solam
910 505 1108 586 sequentem.

168 607 216 673 16.
245 604 423 673 Conuersio
450 605 591 672 rationis
624 609 687 689 est,
718 607 776 672 ubi
806 608 947 672 sumitur
977 629 1109 692 praeoe-

99 714 178 779 dens
202 712 243 779 ad
267 734 444 797 exeessum,
466 734 530 797 quo
552 711 748 797 praecedens
772 717 960 798 sequentem
973 713 1109 779 excedit.

167 821 218 886 17.
241 819 337 886 Datis
361 820 583 904 compluribus
605 820 886 906 magnitudinibus
911 823 944 886 et
971 821 1045 885 aliis
1067 820 1109 886 iis

97 947 233 992 numero
267 926 470 1011 aequalibus,
501 925 549 992 its
571 928 609 991 ut
640 924 710 990 bini
736 925 901 991 eoniunoti
932 927 967 992 in
997 926 1109 992 eadem

87 1034 224 1099 ratione
256 1034 335 1116 sint,
372 1053 412 1096 ex
443 1053 545 1116 aequo
582 1031 667 1096 ratio
700 1034 764 1115 est,
800 1031 856 1095 ubi
892 1033 967 1116 erit,
1004 1037 1042 1099 ut
1076 1034 1110 1098 in

98 1139 261 1222 prioribus
286 1137 566 1223 magnitudinibus
589 1137 696 1220 prima
718 1134 759 1200 ad
787 1139 977 1216 extremam,
1006 1140 1053 1203 ita
1075 1140 1110 1203 in

96 1245 209 1310 alteris
229 1243 508 1328 magnitudinibus
527 1233 633 1329 prima
651 1242 692 1306 ad
711 1245 897 1307 extremam.
929 1242 981 1306 uel
1001 1244 1109 1308 aliter:

97 1351 155 1416 ubi
178 1349 309 1415 termini
333 1349 507 1415 exteriores
531 1352 703 1414 sumuntur
726 1349 856 1414 omissis
880 1347 1032 1437 mediis.¹)

168 1457 219 1520 18.
240 1455 436 1522 Perturbata
463 1459 572 1522 autem
600 1455 686 1522 ratio
714 1459 778 1539 est,
808 1455 865 1520 ubi
892 1455 977 1522 datis
1004 1455 1109 1520 tribus

97 1562 377 1648 magnitudinibus
402 1566 435 1628 et
458 1563 531 1628 aliis
553 1583 689 1628 numero
717 1562 758 1627 iis
782 1563 971 1647 aequalibus
1000 1566 1052 1628 est
1074 1565 1111 1627 ut

96 1670 134 1733 in
161 1669 325 1754 prioribus
354 1669 633 1755 magnitudinibus
661 1667 856 1754 praecedens
886 1669 1045 1733 terminus
1069 1667 1134 1740 ud⁴

100 1779 302 1860 sequentem,
328 1775 377 1840 ita
403 1777 437 1839 in
465 1776 576 1841 alteris
605 1773 882 1860 magnitudinibus
914 1773 1109 1857 praecedens

97 1881 141 1944 ad
177 1885 380 1965 sequentem,
417 1884 450 1945 et
485 1886 523 1946 ut
559 1881 593 1944 in
628 1880 792 1964 prioribus
829 1881 1109 1966 magnitudinibus

97 2006 238 2068 sequens
253 1985 406 2067 adalind,
424 1986 473 2049 ite
489 1986 524 2050 in
539 1985 650 2049 alteris
665 1984 751 2048 aliud
765 1985 806 2049 ad
824 1983 1108 2072 praecedentem.²)

593 2160 618 2226 Ι.

167 2266 201 2333 Si
233 2269 328 2333 datae
366 2270 443 2333 sunt
477 2266 638 2352 quotlibet
676 2266 918 2354 magnitudines
951 2267 1112 2353 quotlibet

99 2374 361 2461 magnitudinum
383 2396 517 2440 numero
537 2375 720 2460 aequalium
740 2375 885 2461 singulae
909 2375 1111 2461 singularum

99 2502 200 2566 aeque
219 2481 426 2565 multiplices,
445 2481 571 2566 quoties
590 2480 761 2564 multiplex
775 2484 825 2546 est
842 2503 907 2546 una
921 2482 1111 2566 magnitudo

99 2587 208 2671 unius,
236 2586 334 2651 toties
364 2585 463 2651 etiam
487 2608 599 2653 omnes
623 2586 767 2652 omnium
791 2590 885 2650 erunt
908 2587 1112 2671 multiplices.

132 2773 135 2779 -
177 2741 1111 2812 1)sia2o20=a=o=gratioexaequoeritazcaszy.

98 2811 148 2867 ofr.
167 2830 246 2883 prop.
268 2819 311 2867 22.

172 2881 1112 2957 2)H.e.sidatisa,b,o,u‚d,yesbatb=fityetbzo=utd
1162 2944 1166 2949 ,

102 2955 312 3025 efr.prop.23.
939 2974 944 2981 ·

952 3049 1114 3059 ——n—-o

100 3096 158 3148 seq.
191 3076 348 3150 τεταγμένη
372 3075 416 3149 (de'
439 3078 503 3134 add.
530 3078 552 3132 F
580 3080 609 3133 et
625 3079 651 3133 V
670 3098 706 3133 m.
726 3083 754 3149 2)
778 3074 916 3167 douloqlu
935 3075 1019 3147 ἐστίν,
1042 3073 1113 3135 ὅταν

99 3141 118 3221 ᾗ
143 3144 181 3212 ὡς
203 3145 363 3220 ἡγούμενον
387 3145 458 3218 πρὸς
481 3145 524 3218 (τό
548 3150 612 3205 add.
626 3149 663 3217 Vl
683 3146 825 3220 ἑπόμενον
843 3170 933 3213 ουτως
951 3148 1111 3221 ἡγούμενον

100 3215 269 3290 (ἡγούμενος
288 3223 321 3308 φ)
341 3215 411 3290 πρὸς
430 3217 473 3289 (τό
492 3219 556 3275 add.
574 3222 611 3290 V)
637 3218 790 3291 ἑπόμενον,
817 3211 836 3291 ᾖ
860 3220 892 3276 dl
919 3220 967 3276 καὶ
986 3218 1023 3284 ὥς
1048 3218 1113 3276 ἱπό-

101 3309 188 3360 μενον
206 3288 278 3360 πρὸς
296 3295 364 3346 utto
382 3312 409 3345 τι
427 3285 518 3354 οὕτως
547 3287 688 3363 ἑπόμενον
706 3288 778 3362 uode
791 3286 863 3346 elliu
881 3312 909 3346 τι
926 3290 1015 3361 FVp,
1033 3292 1057 3344 Β
1075 3310 1113 3346 m.

99 3367 132 3429 2,
150 3360 172 3415 P
190 3381 227 3417 m.
245 3379 315 3430 ree.;
341 3379 396 3418 om.
416 3362 465 3417 PB
484 3380 521 3416 m.
541 3368 570 3429 1,
594 3364 624 3417 et
650 3379 713 3417 eum
737 3363 866 3430 sequenti
888 3361 1059 3432 Campanum
1079 3363 1114 3417 de

101 3432 213 3488 Herone
241 3433 358 3488 dubium
377 3434 419 3489 est
438 3433 501 3503 (def.
527 3438 586 3500 12⁷,
608 3435 644 3502 ⁷).
680 3449 819 3501 nusquam
840 3434 998 3503 usurpatur.
1072 3437 1114 3487 1⁶.

99 3504 170 3557 leur
189 3499 287 3567 αὐτοῖς
305 3505 339 3560 V.
419 3503 500 3575 ἴσων]
521 3504 582 3558 loeo
602 3523 624 3571 φ
642 3507 710 3573 (non
727 3504 768 3574 F).
856 3509 897 3558 lo.
917 3501 1034 3572 γένηται
1050 3500 1114 3559 rV.

136 3579 180 3632 26.
197 3570 435 3631 τοσαυταπλάσιοι
454 3595 476 3643 φ
497 3577 564 3644 (non
581 3573 623 3645 F).
